
    <marc:record>
        <marc:leader>00815nam a2200229 i 4500</marc:leader>
        <marc:controlfield tag="001">000002933563</marc:controlfield>
        <marc:controlfield tag="007">ta</marc:controlfield>
        <marc:controlfield tag="008">810814|1953    xxc||||j |||||||||p|eng| </marc:controlfield>
        <marc:datafield tag="040" ind1=" " ind2=" ">
            <marc:subfield code="b">eng</marc:subfield>
            <marc:subfield code="e">rda</marc:subfield>
        </marc:datafield>
        <marc:datafield tag="041" ind1=" " ind2=" ">
            <marc:subfield code="a">eng</marc:subfield>
        </marc:datafield>
        <marc:datafield tag="100" ind1="1" ind2=" ">
            <marc:subfield code="a">Carroll, Lewis</marc:subfield>
            <marc:subfield code="4">aut</marc:subfield>
            <marc:subfield code="d">1832-1898</marc:subfield>
            <marc:subfield code="1">http://viaf.org/viaf/66462036 </marc:subfield>
        </marc:datafield>
        <marc:datafield tag="240" ind1="1" ind2="0">
            <marc:subfield code="a">Carroll, Lewis, 1832-1898. | Through the looking-glass</marc:subfield>
            <marc:subfield code="1">http://viaf.org/viaf/178203194</marc:subfield>
        </marc:datafield>
        <marc:datafield tag="245" ind1="1" ind2="0">
            <marc:subfield code="a">The walrus and the carpenter</marc:subfield>
            <marc:subfield code="b">from Through the looking glass</marc:subfield>
            <marc:subfield code="c">Carroll, Lewis</marc:subfield>
        </marc:datafield>
        <marc:datafield tag="264" ind1=" " ind2="1">
            <marc:subfield code="a">Fredericton : University Press of New Brunswick</marc:subfield>
            <marc:subfield code="c">1953</marc:subfield>
        </marc:datafield>
        <marc:datafield tag="300" ind1=" " ind2=" ">
            <marc:subfield code="a">[15]s</marc:subfield>
            <marc:subfield code="b">ill, col</marc:subfield>
            <marc:subfield code="c">14cm</marc:subfield>
        </marc:datafield>
        <marc:datafield tag="336" ind1=" " ind2=" ">
            <marc:subfield code="a">text</marc:subfield>
            <marc:subfield code="b">txt</marc:subfield>
            <marc:subfield code="2">rdacontent</marc:subfield>
        </marc:datafield>
        <marc:datafield tag="337" ind1=" " ind2=" ">
            <marc:subfield code="a">unmediated</marc:subfield>
            <marc:subfield code="b">n</marc:subfield>
            <marc:subfield code="2">rdamedia</marc:subfield>
        </marc:datafield>
        <marc:datafield tag="338" ind1=" " ind2=" ">
            <marc:subfield code="a">volume</marc:subfield>
            <marc:subfield code="b">nc</marc:subfield>
            <marc:subfield code="2">rdacarrier</marc:subfield>
        </marc:datafield>
        <marc:datafield tag="380" ind1=" " ind2=" ">
            <marc:subfield code="a">Poetry</marc:subfield>
        </marc:datafield>
        <marc:datafield tag="650" ind1=" " ind2="4">
            <marc:subfield code="a">fantasy</marc:subfield>
        </marc:datafield>
        <marc:datafield tag="650" ind1=" " ind2="0">
            <marc:subfield code="a">poetry</marc:subfield>
        </marc:datafield>
        <marc:datafield tag="700" ind1="1" ind2=" ">
            <marc:subfield code="a">Carroll, Lewis</marc:subfield>
            <marc:subfield code="e">author</marc:subfield>
            <marc:subfield code="d">1832-1898</marc:subfield>
            <marc:subfield code="1">http://viaf.org/viaf/66462036</marc:subfield>
        </marc:datafield>
    </marc:record>