
    <marc:record>
        <marc:leader>04236cgm a22006137i 4500</marc:leader>
        <marc:controlfield tag="001">20607286</marc:controlfield>
        <marc:controlfield tag="007">vd csaizq</marc:controlfield>
        <marc:controlfield tag="008">180731t20112011xxu075            mleng  </marc:controlfield>
        <marc:datafield tag="040" ind1=" " ind2=" ">
            <marc:subfield code="a">DLC</marc:subfield>
            <marc:subfield code="b">eng</marc:subfield>
            <marc:subfield code="e">rda</marc:subfield>
            <marc:subfield code="c">DLC</marc:subfield>
            <marc:subfield code="d">DLC</marc:subfield>
            <marc:subfield code="e">rda</marc:subfield>
        </marc:datafield>
        <marc:datafield tag="041" ind1="1" ind2=" ">
            <marc:subfield code="a">eng</marc:subfield>
            <marc:subfield code="a">fre</marc:subfield>
            <marc:subfield code="a">spa</marc:subfield>
            <marc:subfield code="j">eng</marc:subfield>
            <marc:subfield code="j">fre</marc:subfield>
            <marc:subfield code="j">spa</marc:subfield>
            <marc:subfield code="h">eng</marc:subfield>
        </marc:datafield>
        <marc:datafield tag="100" ind1="1" ind2=" ">
            <marc:subfield code="a">Geronimi, Clyde</marc:subfield>
            <marc:subfield code="4">fmd</marc:subfield>
            <marc:subfield code="1">http://viaf.org/viaf/118011673</marc:subfield>
        </marc:datafield>
        <marc:datafield tag="240" ind1="1" ind2="0">
            <marc:subfield code="a">Alice in Wonderland (Motion picture : 1951)</marc:subfield>
            <marc:subfield code="1">http://viaf.org/viaf/182309911</marc:subfield>
        </marc:datafield>
        <marc:datafield tag="245" ind1="1" ind2="0">
            <marc:subfield code="a">Alice in Wonderland</marc:subfield>
            <marc:subfield code="c">Walt Disney Productions ; directors, Clyde Geronimi, Hamilton Luske, Wilfred Jackson ; [story by Winston Hibler, Ted Sears, Bill Peet, Erdman Penner, Joe Rinaldi, Milt Banta, Bill Cottrell, Dick Kelsey, Joe Grant, Dick Huemer, Del Connell, Tom Oreb, John Walbridge]</marc:subfield>
        </marc:datafield>
        <marc:datafield tag="250" ind1=" " ind2=" ">
            <marc:subfield code="a">60th anniversary edition</marc:subfield>
        </marc:datafield>
        <marc:datafield tag="300" ind1=" " ind2=" ">
            <marc:subfield code="3">viewing copy</marc:subfield>
            <marc:subfield code="a">1 videodisc (approximately 75 min.)</marc:subfield>
            <marc:subfield code="b">sound, color</marc:subfield>
            <marc:subfield code="c">4 3/4 in</marc:subfield>
        </marc:datafield>
        <marc:datafield tag="336" ind1=" " ind2=" ">
            <marc:subfield code="a">two-dimensional moving image</marc:subfield>
            <marc:subfield code="b">tdi</marc:subfield>
            <marc:subfield code="2">rdacontent</marc:subfield>
        </marc:datafield>
        <marc:datafield tag="337" ind1=" " ind2=" ">
            <marc:subfield code="a">video</marc:subfield>
            <marc:subfield code="b">v</marc:subfield>
            <marc:subfield code="2">rdamedia</marc:subfield>
        </marc:datafield>
        <marc:datafield tag="338" ind1=" " ind2=" ">
            <marc:subfield code="a">videodisc</marc:subfield>
            <marc:subfield code="b">vd</marc:subfield>
            <marc:subfield code="2">rdacarrier</marc:subfield>
        </marc:datafield>
        <marc:datafield tag="380" ind1=" " ind2=" ">
            <marc:subfield code="a">Motion picture</marc:subfield>
        </marc:datafield>
        <marc:datafield tag="500" ind1=" " ind2=" ">
            <marc:subfield code="a">Full screen (1.33:1)</marc:subfield>
        </marc:datafield>
        <marc:datafield tag="500" ind1=" " ind2=" ">
            <marc:subfield code="a">An adaption of Lewis Carroll's The adventures of Alice in Wonderland and Through the looking glass</marc:subfield>
        </marc:datafield>
        <marc:datafield tag="500" ind1=" " ind2=" ">
            <marc:subfield code="a">Originally released as a motion picture in 1951</marc:subfield>
        </marc:datafield>
        <marc:datafield tag="500" ind1=" " ind2=" ">
            <marc:subfield code="a">Title from container</marc:subfield>
        </marc:datafield>
        <marc:datafield tag="500" ind1=" " ind2=" ">
            <marc:subfield code="a">Bonus features: Through the keyhole: a companion's guide to Wonderland; Painting the roses red interactive game; DisneyView; Walt Disney color TV introduction (1959); Reference footage: Alice and the doorknob; Pencil test: Alice shrinks; Reflections on Alice featurette; Operation Wonderland ; DVD features: deleted scenes; Reflections on Alice featurette; virtual Wonderland party - interactive game</marc:subfield>
        </marc:datafield>
        <marc:datafield tag="500" ind1=" " ind2=" ">
            <marc:subfield code="a">Also includes a DVD copy of the film</marc:subfield>
        </marc:datafield>
        <marc:datafield tag="500" ind1=" " ind2=" ">
            <marc:subfield code="a">Sources used: videodisc container; Copyright catalog online; Amazon WWW site, viewed July 31, 2018; Wikipedia WWW site, viewed July 31, 2018</marc:subfield>
        </marc:datafield>
        <marc:datafield tag="650" ind1=" " ind2="0">
            <marc:subfield code="a">rabbits</marc:subfield>
            <marc:subfield code="v">Drama</marc:subfield>
        </marc:datafield>
        <marc:datafield tag="650" ind1=" " ind2="4">
            <marc:subfield code="a">fantasy</marc:subfield>
        </marc:datafield>
        <marc:datafield tag="700" ind1="1" ind2=" ">
            <marc:subfield code="a">Geronimi, Clyde</marc:subfield>
            <marc:subfield code="e">film director</marc:subfield>
            <marc:subfield code="1">http://viaf.org/viaf/118011673</marc:subfield>
        </marc:datafield>
        <marc:datafield tag="700" ind1="1" ind2=" ">
            <marc:subfield code="a">Luske, Hamilton S.</marc:subfield>
            <marc:subfield code="d">1903-1986</marc:subfield>
            <marc:subfield code="e">film director</marc:subfield>
            <marc:subfield code="1">http://viaf.org/viaf/59280204</marc:subfield>
        </marc:datafield>
        <marc:datafield tag="700" ind1="1" ind2=" ">
            <marc:subfield code="a">Jackson, Wilfred</marc:subfield>
            <marc:subfield code="d">1906-1988</marc:subfield>
            <marc:subfield code="e">film director</marc:subfield>
            <marc:subfield code="1">http://viaf.org/viaf/76511055</marc:subfield>
        </marc:datafield>
        <marc:datafield tag="700" ind1="1" ind2=" ">
            <marc:subfield code="a">Hibler, Winston</marc:subfield>
            <marc:subfield code="d">1910-1976</marc:subfield>
            <marc:subfield code="1">http://viaf.org/viaf/74046515</marc:subfield>
        </marc:datafield>
        <marc:datafield tag="700" ind1="1" ind2=" ">
            <marc:subfield code="a">Sears, Ted</marc:subfield>
            <marc:subfield code="d">1900-1958</marc:subfield>
            <marc:subfield code="e">animator</marc:subfield>
            <marc:subfield code="1">http://viaf.org/viaf/24796576</marc:subfield>
        </marc:datafield>
        <marc:datafield tag="700" ind1="1" ind2=" ">
            <marc:subfield code="a">Peet, Bill</marc:subfield>
            <marc:subfield code="d">1915-2002</marc:subfield>
            <marc:subfield code="1">http://viaf.org/viaf/71517504</marc:subfield>
        </marc:datafield>
        <marc:datafield tag="700" ind1="1" ind2=" ">
            <marc:subfield code="a">Penner, Erdman</marc:subfield>
            <marc:subfield code="d">1905-1956</marc:subfield>
            <marc:subfield code="1">http://viaf.org/viaf/22342388</marc:subfield>
        </marc:datafield>
        <marc:datafield tag="700" ind1="1" ind2=" ">
            <marc:subfield code="a">Rinaldi, Joe</marc:subfield>
            <marc:subfield code="d">1914-1974</marc:subfield>
            <marc:subfield code="d">screenwriter</marc:subfield>
            <marc:subfield code="1">http://viaf.org/viaf/12513618</marc:subfield>
        </marc:datafield>
        <marc:datafield tag="700" ind1="1" ind2=" ">
            <marc:subfield code="a">Banta, Milt</marc:subfield>
            <marc:subfield code="d">1908-1959</marc:subfield>
            <marc:subfield code="e">screenwriter</marc:subfield>
            <marc:subfield code="1">http://viaf.org/viaf/4534835</marc:subfield>
        </marc:datafield>
        <marc:datafield tag="700" ind1="1" ind2=" ">
            <marc:subfield code="a">Cottrell, William</marc:subfield>
            <marc:subfield code="d">1906-1995</marc:subfield>
            <marc:subfield code="1">http://viaf.org/viaf/56183207</marc:subfield>
        </marc:datafield>
        <marc:datafield tag="700" ind1="1" ind2=" ">
            <marc:subfield code="a">Grant, Joe</marc:subfield>
            <marc:subfield code="d">1908-2005</marc:subfield>
            <marc:subfield code="1">http://viaf.org/viaf/51895833</marc:subfield>
        </marc:datafield>
        <marc:datafield tag="700" ind1="1" ind2=" ">
            <marc:subfield code="a">Huemer, Dick</marc:subfield>
            <marc:subfield code="d">1898-1979</marc:subfield>
            <marc:subfield code="e">animator</marc:subfield>
            <marc:subfield code="1">http://viaf.org/viaf/24808389</marc:subfield>
        </marc:datafield>
        <marc:datafield tag="700" ind1="1" ind2=" ">
            <marc:subfield code="a">Connell, Del</marc:subfield>
            <marc:subfield code="d">1918-</marc:subfield>
            <marc:subfield code="e">screenwriter</marc:subfield>
            <marc:subfield code="1">http://viaf.org/viaf/186864878</marc:subfield>
        </marc:datafield>
        <marc:datafield tag="700" ind1="1" ind2=" ">
            <marc:subfield code="a">Walbridge, Johnny</marc:subfield>
            <marc:subfield code="d">1900-1964</marc:subfield>
            <marc:subfield code="1">http://viaf.org/viaf/39152682499623311166</marc:subfield>
        </marc:datafield>
        <marc:datafield tag="700" ind1="1" ind2=" ">
            <marc:subfield code="a">Beaumont, Kathryn</marc:subfield>
            <marc:subfield code="d">1938-</marc:subfield>
            <marc:subfield code="e">voice actor</marc:subfield>
            <marc:subfield code="1">http://viaf.org/viaf/49431729</marc:subfield>
        </marc:datafield>
        <marc:datafield tag="700" ind1="1" ind2=" ">
            <marc:subfield code="a">Wynn, Ed</marc:subfield>
            <marc:subfield code="d">1886-1966</marc:subfield>
            <marc:subfield code="e">voice actor</marc:subfield>
            <marc:subfield code="1">http://viaf.org/viaf/54348583</marc:subfield>
        </marc:datafield>
        <marc:datafield tag="700" ind1="1" ind2=" ">
            <marc:subfield code="a">Haydn, Richard</marc:subfield>
            <marc:subfield code="d">1905-1985</marc:subfield>
            <marc:subfield code="e">voice actor</marc:subfield>
            <marc:subfield code="1">http://viaf.org/viaf/42029858</marc:subfield>
        </marc:datafield>
        <marc:datafield tag="700" ind1="1" ind2=" ">
            <marc:subfield code="a">Holloway, Sterling</marc:subfield>
            <marc:subfield code="d">1905-1992</marc:subfield>
            <marc:subfield code="e">voice actor</marc:subfield>
            <marc:subfield code="1">http://viaf.org/viaf/14975548</marc:subfield>
        </marc:datafield>
        <marc:datafield tag="700" ind1="1" ind2=" ">
            <marc:subfield code="a">Colonna, Jerry</marc:subfield>
            <marc:subfield code="d">1904-1986</marc:subfield>
            <marc:subfield code="e">voice actor</marc:subfield>
            <marc:subfield code="1">http://viaf.org/viaf/66028828</marc:subfield>
        </marc:datafield>
        <marc:datafield tag="700" ind1="1" ind2=" ">
            <marc:subfield code="a">Felton, Verna</marc:subfield>
            <marc:subfield code="d">1890-1966</marc:subfield>
            <marc:subfield code="e">voice actor</marc:subfield>
            <marc:subfield code="1">http://viaf.org/viaf/23404986</marc:subfield>
        </marc:datafield>
        <marc:datafield tag="700" ind1="1" ind2=" ">
            <marc:subfield code="a">Thompson, Bill</marc:subfield>
            <marc:subfield code="d">1913-1971</marc:subfield>
            <marc:subfield code="e">voice actor</marc:subfield>
            <marc:subfield code="1">http://viaf.org/viaf/73411551</marc:subfield>
        </marc:datafield>
        <marc:datafield tag="700" ind1="1" ind2=" ">
            <marc:subfield code="a">Kahl, Milt</marc:subfield>
            <marc:subfield code="d">1909-1987</marc:subfield>
            <marc:subfield code="e">animator</marc:subfield>
            <marc:subfield code="1">http://viaf.org/viaf/14980058</marc:subfield>
        </marc:datafield>
        <marc:datafield tag="700" ind1="1" ind2=" ">
            <marc:subfield code="a">Richardson, Lloyd</marc:subfield>
            <marc:subfield code="d">1915-2002</marc:subfield>
            <marc:subfield code="e">editor of moving image work</marc:subfield>
            <marc:subfield code="1">http://viaf.org/viaf/36643064</marc:subfield>
        </marc:datafield>
        <marc:datafield tag="700" ind1="1" ind2=" ">
            <marc:subfield code="a">Wallace, Oliver</marc:subfield>
            <marc:subfield code="d">1887-1963</marc:subfield>
            <marc:subfield code="e">composer (expression)</marc:subfield>
            <marc:subfield code="1">http://viaf.org/viaf/7584373</marc:subfield>
        </marc:datafield>
        <marc:datafield tag="700" ind1="1" ind2="2">
            <marc:subfield code="a">Carroll, Lewis</marc:subfield>
            <marc:subfield code="e">author</marc:subfield>
            <marc:subfield code="d">1832-1898</marc:subfield>
            <marc:subfield code="i">http://rdaregistry.info/termList/RDATerms/1003</marc:subfield>
            <marc:subfield code="t">Alice's adventures in Wonderland</marc:subfield>
            <marc:subfield code="1">http://viaf.org/viaf/180646266</marc:subfield>
        </marc:datafield>
        <marc:datafield tag="700" ind1="1" ind2="2">
            <marc:subfield code="a">Carroll, Lewis</marc:subfield>
            <marc:subfield code="e">author</marc:subfield>
            <marc:subfield code="d">1832-1898</marc:subfield>
            <marc:subfield code="i">http://rdaregistry.info/termList/RDATerms/1003</marc:subfield>
            <marc:subfield code="t">Through the looking-glass</marc:subfield>
            <marc:subfield code="1">http://viaf.org/viaf/178203194</marc:subfield>
        </marc:datafield>
    </marc:record>