
    <marc:record>
        <marc:leader>01310cam a2200265ui 4500</marc:leader>
        <marc:controlfield tag="001">8590233</marc:controlfield>
        <marc:controlfield tag="007">m| ||||||||||||||</marc:controlfield>
        <marc:controlfield tag="008">850118s1971    xx            000 0 eng  </marc:controlfield>
        <marc:datafield tag="040" ind1=" " ind2=" ">
            <marc:subfield code="a">DLC</marc:subfield>
            <marc:subfield code="b">eng</marc:subfield>
            <marc:subfield code="c">CarP</marc:subfield>
            <marc:subfield code="d">DLC</marc:subfield>
            <marc:subfield code="e">rda</marc:subfield>
        </marc:datafield>
        <marc:datafield tag="041" ind1=" " ind2=" ">
            <marc:subfield code="a">eng</marc:subfield>
        </marc:datafield>
        <marc:datafield tag="100" ind1="1" ind2=" ">
            <marc:subfield code="a">Sterling, William</marc:subfield>
            <marc:subfield code="q">William M.)</marc:subfield>
            <marc:subfield code="4">fmd</marc:subfield>
            <marc:subfield code="1">http://viaf.org/viaf/86977198</marc:subfield>
        </marc:datafield>
        <marc:datafield tag="240" ind1="1" ind2="0">
            <marc:subfield code="a">Alice's Adventures in Wonderland (Motion Picture) 1972</marc:subfield>
        </marc:datafield>
        <marc:datafield tag="245" ind1="0" ind2="0">
            <marc:subfield code="a">Alice's adventures in Wonderland</marc:subfield>
            <marc:subfield code="c">Carroll, Lewis</marc:subfield>
            <marc:subfield code="c">Filmfax Productions</marc:subfield>
        </marc:datafield>
        <marc:datafield tag="264" ind1=" " ind2="1">
            <marc:subfield code="a">[n.p.]</marc:subfield>
            <marc:subfield code="b">Released by Universal Education and Visual Arts</marc:subfield>
            <marc:subfield code="c">1971</marc:subfield>
        </marc:datafield>
        <marc:datafield tag="300" ind1=" " ind2=" ">
            <marc:subfield code="a">1roll</marc:subfield>
            <marc:subfield code="b">col</marc:subfield>
            <marc:subfield code="c">35mm</marc:subfield>
        </marc:datafield>
        <marc:datafield tag="336" ind1=" " ind2=" ">
            <marc:subfield code="a">notated music</marc:subfield>
            <marc:subfield code="b">ntm</marc:subfield>
            <marc:subfield code="2">rdacontent</marc:subfield>
        </marc:datafield>
        <marc:datafield tag="337" ind1=" " ind2=" ">
            <marc:subfield code="a">projected</marc:subfield>
            <marc:subfield code="b">g</marc:subfield>
            <marc:subfield code="2">rdamedia</marc:subfield>
        </marc:datafield>
        <marc:datafield tag="338" ind1=" " ind2=" ">
            <marc:subfield code="a">other</marc:subfield>
            <marc:subfield code="b">mz</marc:subfield>
            <marc:subfield code="2">rdacarrier</marc:subfield>
        </marc:datafield>
        <marc:datafield tag="380" ind1=" " ind2=" ">
            <marc:subfield code="a">Motion picture</marc:subfield>
        </marc:datafield>
        <marc:datafield tag="650" ind1=" " ind2="4">
            <marc:subfield code="a">fantasy</marc:subfield>
        </marc:datafield>
        <marc:datafield tag="700" ind1="1" ind2=" ">
            <marc:subfield code="a">Sterling, William</marc:subfield>
            <marc:subfield code="q">(William M.)</marc:subfield>
            <marc:subfield code="e">film director</marc:subfield>
            <marc:subfield code="e">screen writer</marc:subfield>
            <marc:subfield code="1">http://viaf.org/viaf/86977198</marc:subfield>
        </marc:datafield>
        <marc:datafield tag="700" ind1="1" ind2=" ">
            <marc:subfield code="a">Black, Don</marc:subfield>
            <marc:subfield code="d">1938-</marc:subfield>
            <marc:subfield code="e">lyric writer</marc:subfield>
            <marc:subfield code="1">http://viaf.org/viaf/85137386</marc:subfield>
        </marc:datafield>
        <marc:datafield tag="700" ind1="1" ind2=" ">
            <marc:subfield code="a">Carroll, Lewis</marc:subfield>
            <marc:subfield code="e">author</marc:subfield>
            <marc:subfield code="d">1832-1898</marc:subfield>
            <marc:subfield code="1">http://viaf.org/viaf/66462036</marc:subfield>
        </marc:datafield>
        <marc:datafield tag="700" ind1="1" ind2=" ">
            <marc:subfield code="a">Carroll, Lewis</marc:subfield>
            <marc:subfield code="e">author</marc:subfield>
            <marc:subfield code="d">1832-1898</marc:subfield>
            <marc:subfield code="i">http://rdaregistry.info/termList/RDATerms/1003</marc:subfield>
            <marc:subfield code="t">Alice's adventures in Wonderland</marc:subfield>
            <marc:subfield code="1">http://viaf.org/viaf/180646266</marc:subfield>
        </marc:datafield>
        <marc:datafield tag="700" ind1="1" ind2=" ">
            <marc:subfield code="a">Carroll, Lewis</marc:subfield>
            <marc:subfield code="e">author</marc:subfield>
            <marc:subfield code="d">1832-1898</marc:subfield>
            <marc:subfield code="i">http://rdaregistry.info/termList/RDATerms/1003</marc:subfield>
            <marc:subfield code="t">Through the looking-glass</marc:subfield>
            <marc:subfield code="1">http://viaf.org/viaf/178203194</marc:subfield>
        </marc:datafield>
    </marc:record>