
    <marc:record>
        <marc:leader>01524cam a2200325 i 4500</marc:leader>
        <marc:controlfield tag="001">14404348</marc:controlfield>
        <marc:controlfield tag="007">ta</marc:controlfield>
        <marc:controlfield tag="008">060607s2006    nyua     b    000 0 eng  </marc:controlfield>
        <marc:datafield tag="020" ind1=" " ind2=" ">
            <marc:subfield code="a">0393062422</marc:subfield>
            <marc:subfield code="q">hardcover</marc:subfield>
        </marc:datafield>
        <marc:datafield tag="020" ind1=" " ind2=" ">
            <marc:subfield code="a">9780393062427</marc:subfield>
        </marc:datafield>
        <marc:datafield tag="040" ind1=" " ind2=" ">
            <marc:subfield code="a">DLC</marc:subfield>
            <marc:subfield code="b">eng</marc:subfield>
            <marc:subfield code="c">DLC</marc:subfield>
            <marc:subfield code="d">BAKER</marc:subfield>
            <marc:subfield code="d">C#P</marc:subfield>
            <marc:subfield code="d">YDXCP</marc:subfield>
            <marc:subfield code="d">OCLCQ</marc:subfield>
            <marc:subfield code="d">BTCTA</marc:subfield>
            <marc:subfield code="d">DLC</marc:subfield>
            <marc:subfield code="e">rda</marc:subfield>
        </marc:datafield>
        <marc:datafield tag="041" ind1=" " ind2=" ">
            <marc:subfield code="a">eng</marc:subfield>
        </marc:datafield>
        <marc:datafield tag="100" ind1="1" ind2=" ">
            <marc:subfield code="a">Carroll, Lewis</marc:subfield>
            <marc:subfield code="4">aut</marc:subfield>
            <marc:subfield code="d">1832-1898</marc:subfield>
            <marc:subfield code="1">http://viaf.org/viaf/66462036</marc:subfield>
        </marc:datafield>
        <marc:datafield tag="240" ind1="1" ind2="0">
            <marc:subfield code="a">Carroll, Lewis, 1832-1898. | Hunting of the snark</marc:subfield>
            <marc:subfield code="1">http://viaf.org/viaf/179426537</marc:subfield>
        </marc:datafield>
        <marc:datafield tag="245" ind1="1" ind2="0">
            <marc:subfield code="a">The annotated Hunting of the snark</marc:subfield>
            <marc:subfield code="b">the full text of Lewis Carroll's great nonsense epic The hunting of the snark</marc:subfield>
            <marc:subfield code="c">original illustrations by Holiday, Henry ; edited with a preface and notes by Gardner, Martin ; introduction by Gopnik,  Adam</marc:subfield>
        </marc:datafield>
        <marc:datafield tag="250" ind1=" " ind2=" ">
            <marc:subfield code="a">Definitive ed</marc:subfield>
        </marc:datafield>
        <marc:datafield tag="264" ind1=" " ind2="1">
            <marc:subfield code="a">New York</marc:subfield>
            <marc:subfield code="b">W.W. Norton &amp; Co</marc:subfield>
            <marc:subfield code="c">[2006]</marc:subfield>
        </marc:datafield>
        <marc:datafield tag="264" ind1=" " ind2="4">
            <marc:subfield code="c">copyright 2006</marc:subfield>
        </marc:datafield>
        <marc:datafield tag="300" ind1=" " ind2=" ">
            <marc:subfield code="a">xli,152s</marc:subfield>
            <marc:subfield code="b">ill</marc:subfield>
            <marc:subfield code="c">25cm</marc:subfield>
        </marc:datafield>
        <marc:datafield tag="336" ind1=" " ind2=" ">
            <marc:subfield code="a">text</marc:subfield>
            <marc:subfield code="b">txt</marc:subfield>
            <marc:subfield code="2">rdacontent</marc:subfield>
        </marc:datafield>
        <marc:datafield tag="337" ind1=" " ind2=" ">
            <marc:subfield code="a">unmediated</marc:subfield>
            <marc:subfield code="b">n</marc:subfield>
            <marc:subfield code="2">rdamedia</marc:subfield>
        </marc:datafield>
        <marc:datafield tag="338" ind1=" " ind2=" ">
            <marc:subfield code="a">volume</marc:subfield>
            <marc:subfield code="b">nc</marc:subfield>
            <marc:subfield code="2">rdacarrier</marc:subfield>
        </marc:datafield>
        <marc:datafield tag="380" ind1=" " ind2=" ">
            <marc:subfield code="a">Fiction</marc:subfield>
        </marc:datafield>
        <marc:datafield tag="650" ind1=" " ind2="0">
            <marc:subfield code="a">nonsense verses, English</marc:subfield>
            <marc:subfield code="x">History and criticism</marc:subfield>
        </marc:datafield>
        <marc:datafield tag="650" ind1=" " ind2="4">
            <marc:subfield code="a">fantasy</marc:subfield>
        </marc:datafield>
        <marc:datafield tag="700" ind1="1" ind2=" ">
            <marc:subfield code="a">Gardner, Martin</marc:subfield>
            <marc:subfield code="d">1914-2010</marc:subfield>
            <marc:subfield code="1">http://viaf.org/viaf/108251139</marc:subfield>
        </marc:datafield>
        <marc:datafield tag="700" ind1="1" ind2=" ">
            <marc:subfield code="a">Carroll, Lewis</marc:subfield>
            <marc:subfield code="e">author</marc:subfield>
            <marc:subfield code="d">1832-1898</marc:subfield>
            <marc:subfield code="1">http://viaf.org/viaf/66462036</marc:subfield>
        </marc:datafield>
        <marc:datafield tag="700" ind1="1" ind2="2">
            <marc:subfield code="a">Carroll, Lewis</marc:subfield>
            <marc:subfield code="e">author</marc:subfield>
            <marc:subfield code="d">1832-1898</marc:subfield>
            <marc:subfield code="t">Hunting of the snark</marc:subfield>
            <marc:subfield code="1">http://viaf.org/viaf/179426537</marc:subfield>
        </marc:datafield>
        <marc:datafield tag="700" ind1="1" ind2=" ">
            <marc:subfield code="a">Holiday, Henry</marc:subfield>
            <marc:subfield code="d">1839-1927</marc:subfield>
            <marc:subfield code="e">illustrator</marc:subfield>
            <marc:subfield code="1">http://viaf.org/viaf/315675828</marc:subfield>
        </marc:datafield>
        <marc:datafield tag="700" ind1="1" ind2=" ">
            <marc:subfield code="a">Gopnik, Adam</marc:subfield>
            <marc:subfield code="d">1956-</marc:subfield>
            <marc:subfield code="e">author of introduction</marc:subfield>
            <marc:subfield code="1">http://viaf.org/viaf/84697472</marc:subfield>
        </marc:datafield>
    </marc:record>