
    <marc:record>
        <marc:leader>04420cgm a22006377i 4500</marc:leader>
        <marc:controlfield tag="001">18423836</marc:controlfield>
        <marc:controlfield tag="007">vd cvaizk</marc:controlfield>
        <marc:controlfield tag="008">141231s2010    xxu109            mleng  </marc:controlfield>
        <marc:datafield tag="040" ind1=" " ind2=" ">
            <marc:subfield code="a">DLC</marc:subfield>
            <marc:subfield code="b">eng</marc:subfield>
            <marc:subfield code="c">DLC</marc:subfield>
            <marc:subfield code="d">DLC</marc:subfield>
            <marc:subfield code="e">rda</marc:subfield>
        </marc:datafield>
        <marc:datafield tag="041" ind1="1" ind2=" ">
            <marc:subfield code="a">eng</marc:subfield>
            <marc:subfield code="a">fre</marc:subfield>
            <marc:subfield code="a">spa</marc:subfield>
            <marc:subfield code="g">eng</marc:subfield>
            <marc:subfield code="m">eng</marc:subfield>
            <marc:subfield code="j">eng</marc:subfield>
            <marc:subfield code="j">fre</marc:subfield>
            <marc:subfield code="j">spa</marc:subfield>
        </marc:datafield>
        <marc:datafield tag="100" ind1="1" ind2=" ">
            <marc:subfield code="a">Burton, Tim</marc:subfield>
            <marc:subfield code="d">1958-</marc:subfield>
            <marc:subfield code="4">fmd</marc:subfield>
            <marc:subfield code="1">http://viaf.org/viaf/100119650</marc:subfield>
        </marc:datafield>
        <marc:datafield tag="240" ind1="1" ind2="0">
            <marc:subfield code="a">Alice in Wonderland (Motion picture : 2010)</marc:subfield>
            <marc:subfield code="1">http://viaf.org/viaf/174883897</marc:subfield>
        </marc:datafield>
        <marc:datafield tag="245" ind1="1" ind2="0">
            <marc:subfield code="a">Alice in Wonderland</marc:subfield>
            <marc:subfield code="c">Walt Disney Pictures presents a Roth Films production, a Team Todd production, a Zanuck Company production, a film by Tim Burton ; screenplay by Linda Woolverton ; produced by Richard D. Zanuck, Suzanne Todd, Jennifer Todd, Joe Roth ; directed by Tim Burton.</marc:subfield>
        </marc:datafield>
        <marc:datafield tag="264" ind1=" " ind2="1">
            <marc:subfield code="a">Burbank, CA :</marc:subfield>
            <marc:subfield code="b">Walt Disney Studios Home Entertainment</marc:subfield>
            <marc:subfield code="c">[2010]</marc:subfield>
        </marc:datafield>
        <marc:datafield tag="264" ind1=" " ind2="2">
            <marc:subfield code="b">Distributed by Buena Vista Home Entertainment</marc:subfield>
            <marc:subfield code="c">[2010]</marc:subfield>
        </marc:datafield>
        <marc:datafield tag="300" ind1=" " ind2=" ">
            <marc:subfield code="3">viewing copy</marc:subfield>
            <marc:subfield code="a">1 videodisc (ca. 109 min.)</marc:subfield>
            <marc:subfield code="b">sound, color</marc:subfield>
            <marc:subfield code="c">4 3/4 in</marc:subfield>
        </marc:datafield>
        <marc:datafield tag="336" ind1=" " ind2=" ">
            <marc:subfield code="a">two-dimensional moving image</marc:subfield>
            <marc:subfield code="b">tdi</marc:subfield>
            <marc:subfield code="2">rdacontent</marc:subfield>
        </marc:datafield>
        <marc:datafield tag="337" ind1=" " ind2=" ">
            <marc:subfield code="a">video</marc:subfield>
            <marc:subfield code="b">v</marc:subfield>
            <marc:subfield code="2">rdamedia</marc:subfield>
        </marc:datafield>
        <marc:datafield tag="338" ind1=" " ind2=" ">
            <marc:subfield code="a">videodisc</marc:subfield>
            <marc:subfield code="b">vd</marc:subfield>
            <marc:subfield code="2">rdacarrier</marc:subfield>
        </marc:datafield>
        <marc:datafield tag="380" ind1=" " ind2=" ">
            <marc:subfield code="a">Motion picture</marc:subfield>
        </marc:datafield>
        <marc:datafield tag="500" ind1=" " ind2=" ">
            <marc:subfield code="a">Based on "Alice's adventures in Wonderland" and "Through the looking-glass" by Lewis Carroll</marc:subfield>
        </marc:datafield>
        <marc:datafield tag="500" ind1=" " ind2=" ">
            <marc:subfield code="a">Bonus features: Featurettes Finding Alice (6 min.); The Mad Hatter (6 min.); Effecting Wonderland (7 min.); Disney advertisements (6 min.); Sneak peeks [previews] (11 min.)</marc:subfield>
        </marc:datafield>
        <marc:datafield tag="505" ind1="0" ind2=" ">
            <marc:subfield code="a">Dreamers -- Miss Kingsleigh is distracted -- Down the rabbit hole -- The wrong Alice -- The Red Queen -- Cheshire, the Hare, and the Hatter -- "I make the path" -- Um from Umbradge -- Freeing the Vorpal Sword -- Escape to Marmoreal -- Mutiny -- The White Queen's champion -- Frabjous Day -- Returning home -- Alice's decisions -- End credits</marc:subfield>
        </marc:datafield>
        <marc:datafield tag="650" ind1=" " ind2="0">
            <marc:subfield code="a">Imaginary places</marc:subfield>
            <marc:subfield code="v">Drama</marc:subfield>
        </marc:datafield>
        <marc:datafield tag="650" ind1=" " ind2="4">
            <marc:subfield code="a">fantasy</marc:subfield>
        </marc:datafield>
        <marc:datafield tag="700" ind1="1" ind2=" ">
            <marc:subfield code="a">Burton, Tim</marc:subfield>
            <marc:subfield code="d">1958-</marc:subfield>
            <marc:subfield code="e">film director</marc:subfield>
            <marc:subfield code="1">http://viaf.org/viaf/100119650</marc:subfield>
        </marc:datafield>
        <marc:datafield tag="700" ind1="1" ind2=" ">
            <marc:subfield code="a">Woolverton, Linda</marc:subfield>
            <marc:subfield code="e">screenwriter</marc:subfield>
            <marc:subfield code="1">http://viaf.org/viaf/1249149368786685980000</marc:subfield>
        </marc:datafield>
        <marc:datafield tag="700" ind1="1" ind2=" ">
            <marc:subfield code="a">Zanuck, Richard D.</marc:subfield>
            <marc:subfield code="d">1934-2012</marc:subfield>
            <marc:subfield code="e">film producer</marc:subfield>
            <marc:subfield code="1">http://viaf.org/viaf/219101058</marc:subfield>
        </marc:datafield>
        <marc:datafield tag="700" ind1="1" ind2=" ">
            <marc:subfield code="a">Todd, Suzanne</marc:subfield>
            <marc:subfield code="d">1965-</marc:subfield>
            <marc:subfield code="e">film producer</marc:subfield>
            <marc:subfield code="1">http://viaf.org/viaf/75952219</marc:subfield>
        </marc:datafield>
        <marc:datafield tag="700" ind1="1" ind2=" ">
            <marc:subfield code="a">Todd, Jennifer</marc:subfield>
            <marc:subfield code="d">1952-</marc:subfield>
            <marc:subfield code="e">film producer</marc:subfield>
            <marc:subfield code="1">http://viaf.org/viaf/49393261</marc:subfield>
        </marc:datafield>
        <marc:datafield tag="700" ind1="1" ind2=" ">
            <marc:subfield code="a">Roth, Joe</marc:subfield>
            <marc:subfield code="d">1948-</marc:subfield>
            <marc:subfield code="e">film producer</marc:subfield>
            <marc:subfield code="1">http://viaf.org/viaf/85120516</marc:subfield>
        </marc:datafield>
        <marc:datafield tag="700" ind1="1" ind2=" ">
            <marc:subfield code="a">Depp, Johnny</marc:subfield>
            <marc:subfield code="d">1963-</marc:subfield>
            <marc:subfield code="e">actor</marc:subfield>
            <marc:subfield code="1">http://viaf.org/viaf/85378128</marc:subfield>
        </marc:datafield>
        <marc:datafield tag="700" ind1="1" ind2=" ">
            <marc:subfield code="a">Hathaway, Anne</marc:subfield>
            <marc:subfield code="d">1982-</marc:subfield>
            <marc:subfield code="e">actor</marc:subfield>
            <marc:subfield code="1">http://viaf.org/viaf/80639285</marc:subfield>
        </marc:datafield>
        <marc:datafield tag="700" ind1="1" ind2=" ">
            <marc:subfield code="a">Bonham Carter, Helena</marc:subfield>
            <marc:subfield code="d">1966-</marc:subfield>
            <marc:subfield code="e">actor</marc:subfield>
            <marc:subfield code="1">http://viaf.org/viaf/117446205</marc:subfield>
        </marc:datafield>
        <marc:datafield tag="700" ind1="1" ind2=" ">
            <marc:subfield code="a">Glover, Crispin</marc:subfield>
            <marc:subfield code="d">1966-</marc:subfield>
            <marc:subfield code="e">actor</marc:subfield>
            <marc:subfield code="1">http://viaf.org/viaf/39578928</marc:subfield>
        </marc:datafield>
        <marc:datafield tag="700" ind1="1" ind2=" ">
            <marc:subfield code="a">Wasikowska, Mia</marc:subfield>
            <marc:subfield code="d">1989-</marc:subfield>
            <marc:subfield code="e">actor</marc:subfield>
            <marc:subfield code="1">http://viaf.org/viaf/88465276</marc:subfield>
        </marc:datafield>
        <marc:datafield tag="700" ind1="1" ind2=" ">
            <marc:subfield code="a">Lucas, Matt</marc:subfield>
            <marc:subfield code="d">1974-</marc:subfield>
            <marc:subfield code="e">actor</marc:subfield>
            <marc:subfield code="1">http://viaf.org/viaf/49513550</marc:subfield>
        </marc:datafield>
        <marc:datafield tag="700" ind1="1" ind2=" ">
            <marc:subfield code="a">De la Tour, Frances</marc:subfield>
            <marc:subfield code="d">1944-</marc:subfield>
            <marc:subfield code="e">actor</marc:subfield>
            <marc:subfield code="1">http://viaf.org/viaf/78383876</marc:subfield>
        </marc:datafield>
        <marc:datafield tag="700" ind1="1" ind2=" ">
            <marc:subfield code="a">Duncan, Lindsay</marc:subfield>
            <marc:subfield code="d">1950-</marc:subfield>
            <marc:subfield code="e">actor</marc:subfield>
            <marc:subfield code="1">http://viaf.org/viaf/88576247</marc:subfield>
        </marc:datafield>
        <marc:datafield tag="700" ind1="1" ind2=" ">
            <marc:subfield code="a">James, Geraldine</marc:subfield>
            <marc:subfield code="d">1950-</marc:subfield>
            <marc:subfield code="e">actor</marc:subfield>
            <marc:subfield code="1">http://viaf.org/viaf/22352259</marc:subfield>
        </marc:datafield>
        <marc:datafield tag="700" ind1="1" ind2=" ">
            <marc:subfield code="a">Pigott-Smith, Tim</marc:subfield>
            <marc:subfield code="d">1946-2017</marc:subfield>
            <marc:subfield code="e">actor</marc:subfield>
            <marc:subfield code="1">http://viaf.org/viaf/85145093</marc:subfield>
        </marc:datafield>
        <marc:datafield tag="700" ind1="1" ind2=" ">
            <marc:subfield code="a">Csokas, Marton</marc:subfield>
            <marc:subfield code="d">1966-</marc:subfield>
            <marc:subfield code="e">actor</marc:subfield>
            <marc:subfield code="1">http://viaf.org/viaf/85123557</marc:subfield>
        </marc:datafield>
        <marc:datafield tag="700" ind1="1" ind2=" ">
            <marc:subfield code="a">Rickman, Alan</marc:subfield>
            <marc:subfield code="d">1946-2016</marc:subfield>
            <marc:subfield code="e">actor</marc:subfield>
            <marc:subfield code="1">http://viaf.org/viaf/5131493</marc:subfield>
        </marc:datafield>
        <marc:datafield tag="700" ind1="1" ind2=" ">
            <marc:subfield code="a">Fry, Stephen</marc:subfield>
            <marc:subfield code="d">1957-</marc:subfield>
            <marc:subfield code="e">actor</marc:subfield>
            <marc:subfield code="1">http://viaf.org/viaf/39518907</marc:subfield>
        </marc:datafield>
        <marc:datafield tag="700" ind1="1" ind2=" ">
            <marc:subfield code="a">Sheen, Michael</marc:subfield>
            <marc:subfield code="d">1969-</marc:subfield>
            <marc:subfield code="e">actor</marc:subfield>
            <marc:subfield code="1">http://viaf.org/viaf/23361489</marc:subfield>
        </marc:datafield>
        <marc:datafield tag="700" ind1="1" ind2=" ">
            <marc:subfield code="a">Spall, Timothy</marc:subfield>
            <marc:subfield code="d">1957-</marc:subfield>
            <marc:subfield code="e">actor</marc:subfield>
            <marc:subfield code="1">http://viaf.org/viaf/85574398</marc:subfield>
        </marc:datafield>
        <marc:datafield tag="700" ind1="1" ind2=" ">
            <marc:subfield code="a">Windsor, Barbara</marc:subfield>
            <marc:subfield code="d">1937-</marc:subfield>
            <marc:subfield code="e">actor</marc:subfield>
            <marc:subfield code="1">http://viaf.org/viaf/33801246</marc:subfield>
        </marc:datafield>
        <marc:datafield tag="700" ind1="1" ind2=" ">
            <marc:subfield code="a">Lee, Christopher</marc:subfield>
            <marc:subfield code="d">1922-2015</marc:subfield>
            <marc:subfield code="e">actor</marc:subfield>
            <marc:subfield code="1">http://viaf.org/viaf/117661392</marc:subfield>
        </marc:datafield>
        <marc:datafield tag="700" ind1="1" ind2=" ">
            <marc:subfield code="a">Gough, Michael</marc:subfield>
            <marc:subfield code="d">1916-2011</marc:subfield>
            <marc:subfield code="e">actor</marc:subfield>
            <marc:subfield code="1">http://viaf.org/viaf/5123507</marc:subfield>
        </marc:datafield>
        <marc:datafield tag="700" ind1="1" ind2=" ">
            <marc:subfield code="a">Carter, Jim</marc:subfield>
            <marc:subfield code="d">1948-</marc:subfield>
            <marc:subfield code="e">actor</marc:subfield>
            <marc:subfield code="1">http://viaf.org/viaf/95071767</marc:subfield>
        </marc:datafield>
        <marc:datafield tag="700" ind1="1" ind2=" ">
            <marc:subfield code="a">Staunton, Imelda</marc:subfield>
            <marc:subfield code="d">1956-</marc:subfield>
            <marc:subfield code="e">actor</marc:subfield>
            <marc:subfield code="1">http://viaf.org/viaf/100241250</marc:subfield>
        </marc:datafield>
        <marc:datafield tag="700" ind1="1" ind2=" ">
            <marc:subfield code="a">Whitehouse, Paul</marc:subfield>
            <marc:subfield code="d">1958-</marc:subfield>
            <marc:subfield code="e">actor</marc:subfield>
            <marc:subfield code="1">http://viaf.org/viaf/36410292</marc:subfield>
        </marc:datafield>
        <marc:datafield tag="700" ind1="1" ind2=" ">
            <marc:subfield code="a">Elfman, Danny</marc:subfield>
            <marc:subfield code="d">1953-</marc:subfield>
            <marc:subfield code="e">composer</marc:subfield>
            <marc:subfield code="1">http://viaf.org/viaf/12496007</marc:subfield>
        </marc:datafield>
        <marc:datafield tag="700" ind1="1" ind2=" ">
            <marc:subfield code="a">Carroll, Lewis</marc:subfield>
            <marc:subfield code="e">author</marc:subfield>
            <marc:subfield code="d">1832-1898</marc:subfield>
            <marc:subfield code="1">http://viaf.org/viaf/66462036</marc:subfield>
        </marc:datafield>
        <marc:datafield tag="700" ind1="1" ind2="2">
            <marc:subfield code="a">Carroll, Lewis</marc:subfield>
            <marc:subfield code="e">author</marc:subfield>
            <marc:subfield code="d">1832-1898</marc:subfield>
            <marc:subfield code="i">http://rdaregistry.info/termList/RDATerms/1003</marc:subfield>
            <marc:subfield code="t">Alice's adventures in Wonderland</marc:subfield>
            <marc:subfield code="1">http://viaf.org/viaf/180646266</marc:subfield>
        </marc:datafield>
        <marc:datafield tag="700" ind1="1" ind2="2">
            <marc:subfield code="a">Carroll, Lewis</marc:subfield>
            <marc:subfield code="e">author</marc:subfield>
            <marc:subfield code="d">1832-1898</marc:subfield>
            <marc:subfield code="i">http://rdaregistry.info/termList/RDATerms/1003</marc:subfield>
            <marc:subfield code="t">Through the looking-glass</marc:subfield>
            <marc:subfield code="1">http://viaf.org/viaf/178203194</marc:subfield>
        </marc:datafield>
    </marc:record>