
    <marc:record>
        <marc:leader>01436cam a22003013i 450 </marc:leader>
        <marc:controlfield tag="001">38604</marc:controlfield>
        <marc:controlfield tag="007">ta</marc:controlfield>
        <marc:controlfield tag="008">000000s1981    xx            00| u eng d</marc:controlfield>
        <marc:datafield tag="020" ind1=" " ind2=" ">
            <marc:subfield code="a">091323236x</marc:subfield>
        </marc:datafield>
        <marc:datafield tag="040" ind1=" " ind2=" ">
            <marc:subfield code="b">eng</marc:subfield>
            <marc:subfield code="e">rda</marc:subfield>
        </marc:datafield>
        <marc:datafield tag="041" ind1=" " ind2=" ">
            <marc:subfield code="a">eng</marc:subfield>
        </marc:datafield>
        <marc:datafield tag="100" ind1="1" ind2=" ">
            <marc:subfield code="a">Carroll, Lewis</marc:subfield>
            <marc:subfield code="4">aut</marc:subfield>
            <marc:subfield code="d">1832-1898</marc:subfield>
            <marc:subfield code="1">http://viaf.org/viaf/66462036</marc:subfield>
        </marc:datafield>
        <marc:datafield tag="240" ind1="1" ind2="0">
            <marc:subfield code="a">Carroll, Lewis, 1832-1898. | Hunting of the snark</marc:subfield>
            <marc:subfield code="1">http://viaf.org/viaf/179426537</marc:subfield>
        </marc:datafield>
        <marc:datafield tag="245" ind1="1" ind2="4">
            <marc:subfield code="a">The hunting of the snark</marc:subfield>
            <marc:subfield code="c">Carroll, Lewis ; illustrated by Holiday, Henry ; the annotated snark by Gardner, Martin ; the designs for the snark by Mitchell, Charles ; the listing of the snark by Goodacre, Selwyn H.  ; ed. by Tanis, James and Dooley, John</marc:subfield>
        </marc:datafield>
        <marc:datafield tag="264" ind1=" " ind2="1">
            <marc:subfield code="a">Los Altos, Calif</marc:subfield>
            <marc:subfield code="b">Kaufmann</marc:subfield>
            <marc:subfield code="c">[cop. 1981]</marc:subfield>
        </marc:datafield>
        <marc:datafield tag="300" ind1=" " ind2=" ">
            <marc:subfield code="a">129s</marc:subfield>
            <marc:subfield code="b">ill</marc:subfield>
        </marc:datafield>
        <marc:datafield tag="336" ind1=" " ind2=" ">
            <marc:subfield code="a">text</marc:subfield>
            <marc:subfield code="b">txt</marc:subfield>
            <marc:subfield code="2">rdacontent</marc:subfield>
        </marc:datafield>
        <marc:datafield tag="337" ind1=" " ind2=" ">
            <marc:subfield code="a">unmediated</marc:subfield>
            <marc:subfield code="b">n</marc:subfield>
            <marc:subfield code="2">rdamedia</marc:subfield>
        </marc:datafield>
        <marc:datafield tag="338" ind1=" " ind2=" ">
            <marc:subfield code="a">volume</marc:subfield>
            <marc:subfield code="b">nc</marc:subfield>
            <marc:subfield code="2">rdacarrier</marc:subfield>
        </marc:datafield>
        <marc:datafield tag="380" ind1=" " ind2=" ">
            <marc:subfield code="a">Fiction</marc:subfield>
        </marc:datafield>
        <marc:datafield tag="650" ind1=" " ind2="4">
            <marc:subfield code="a">fantasy</marc:subfield>
        </marc:datafield>
        <marc:datafield tag="700" ind1="1" ind2=" ">
            <marc:subfield code="a">Carroll, Lewis</marc:subfield>
            <marc:subfield code="e">author</marc:subfield>
            <marc:subfield code="d">1832-1898</marc:subfield>
            <marc:subfield code="1">http://viaf.org/viaf/66462036</marc:subfield>
        </marc:datafield>
        <marc:datafield tag="700" ind1="1" ind2=" ">
            <marc:subfield code="a">Holiday, Henry</marc:subfield>
            <marc:subfield code="d">1839-1927</marc:subfield>
            <marc:subfield code="e">illustrator</marc:subfield>
            <marc:subfield code="1">http://viaf.org/viaf/100389201</marc:subfield>
        </marc:datafield>
        <marc:datafield tag="700" ind1="1" ind2=" ">
            <marc:subfield code="a">Gardner, Martin</marc:subfield>
            <marc:subfield code="d">1914-2010</marc:subfield>
            <marc:subfield code="e">annotator</marc:subfield>
            <marc:subfield code="1">http://viaf.org/viaf/108251139</marc:subfield>
        </marc:datafield>
        <marc:datafield tag="700" ind1="1" ind2=" ">
            <marc:subfield code="a">Mitchell, Charles</marc:subfield>
            <marc:subfield code="d">1912-1995</marc:subfield>
            <marc:subfield code="e">designer</marc:subfield>
            <marc:subfield code="1">http://viaf.org/viaf/92204861</marc:subfield>
        </marc:datafield>
        <marc:datafield tag="700" ind1="1" ind2=" ">
            <marc:subfield code="a">Goodacre, Selwyn H.</marc:subfield>
            <marc:subfield code="d">1940-</marc:subfield>
            <marc:subfield code="1">http://viaf.org/viaf/74152207</marc:subfield>
        </marc:datafield>
        <marc:datafield tag="700" ind1="1" ind2=" ">
            <marc:subfield code="a">Tanis, James</marc:subfield>
            <marc:subfield code="d">1928-2015</marc:subfield>
            <marc:subfield code="e">editor</marc:subfield>
            <marc:subfield code="1">http://viaf.org/viaf/73870109</marc:subfield>
        </marc:datafield>
        <marc:datafield tag="700" ind1="1" ind2=" ">
            <marc:subfield code="a">Dooley, John</marc:subfield>
            <marc:subfield code="e">editor</marc:subfield>
            <marc:subfield code="1">http://viaf.org/viaf/8858925</marc:subfield>
        </marc:datafield>
    </marc:record>