
    <marc:record>
        <marc:leader>01122cam a22002774i 450 </marc:leader>
        <marc:controlfield tag="001">1215407</marc:controlfield>
        <marc:controlfield tag="007">ta</marc:controlfield>
        <marc:controlfield tag="008">000000s1963    xx            00| u eng d</marc:controlfield>
        <marc:datafield tag="040" ind1=" " ind2=" ">
            <marc:subfield code="b">eng</marc:subfield>
            <marc:subfield code="e">rda</marc:subfield>
        </marc:datafield>
        <marc:datafield tag="041" ind1=" " ind2=" ">
            <marc:subfield code="a">eng</marc:subfield>
        </marc:datafield>
        <marc:datafield tag="100" ind1="1" ind2=" ">
            <marc:subfield code="a">Folkard, Charles</marc:subfield>
            <marc:subfield code="4">crl</marc:subfield>
        </marc:datafield>
        <marc:datafield tag="100" ind1="1" ind2=" ">
            <marc:subfield code="a">MacDonald, George</marc:subfield>
            <marc:subfield code="4">aut</marc:subfield>
            <marc:subfield code="d">1824-1905</marc:subfield>
            <marc:subfield code="1">http://viaf.org/viaf/64008667</marc:subfield>
        </marc:datafield>
        <marc:datafield tag="240" ind1="1" ind2="0">
            <marc:subfield code="a">MacDonald, George, 1824-1905. | At the back of the north wind</marc:subfield>
            <marc:subfield code="1">http://viaf.org/viaf/219199890</marc:subfield>
        </marc:datafield>
        <marc:datafield tag="245" ind1="1" ind2="0">
            <marc:subfield code="a">The princess and Curdie</marc:subfield>
            <marc:subfield code="c">MacDonald, George</marc:subfield>
            <marc:subfield code="c">Ill. with line drawings and colour plates by Folkard, Charles</marc:subfield>
        </marc:datafield>
        <marc:datafield tag="250" ind1=" " ind2=" ">
            <marc:subfield code="a">(Repr.)</marc:subfield>
        </marc:datafield>
        <marc:datafield tag="264" ind1=" " ind2="1">
            <marc:subfield code="a">London</marc:subfield>
            <marc:subfield code="b">J. M. Dent. New York: E. P. Dutton</marc:subfield>
            <marc:subfield code="c">(1963).</marc:subfield>
        </marc:datafield>
        <marc:datafield tag="300" ind1=" " ind2=" ">
            <marc:subfield code="a">238s8 tvl</marc:subfield>
            <marc:subfield code="b">ill</marc:subfield>
        </marc:datafield>
        <marc:datafield tag="336" ind1=" " ind2=" ">
            <marc:subfield code="a">text</marc:subfield>
            <marc:subfield code="b">txt</marc:subfield>
            <marc:subfield code="2">rdacontent</marc:subfield>
        </marc:datafield>
        <marc:datafield tag="337" ind1=" " ind2=" ">
            <marc:subfield code="a">unmediated</marc:subfield>
            <marc:subfield code="b">n</marc:subfield>
            <marc:subfield code="2">rdamedia</marc:subfield>
        </marc:datafield>
        <marc:datafield tag="338" ind1=" " ind2=" ">
            <marc:subfield code="a">volume</marc:subfield>
            <marc:subfield code="b">nc</marc:subfield>
            <marc:subfield code="2">rdacarrier</marc:subfield>
        </marc:datafield>
        <marc:datafield tag="380" ind1=" " ind2=" ">
            <marc:subfield code="a">Fiction</marc:subfield>
        </marc:datafield>
        <marc:datafield tag="650" ind1=" " ind2="4">
            <marc:subfield code="a">fantasy</marc:subfield>
        </marc:datafield>
        <marc:datafield tag="650" ind1=" " ind2="0">
            <marc:subfield code="a">childrens</marc:subfield>
        </marc:datafield>
        <marc:datafield tag="700" ind1="1" ind2=" ">
            <marc:subfield code="a">MacDonald, George</marc:subfield>
            <marc:subfield code="e">author</marc:subfield>
            <marc:subfield code="d">1824-1905</marc:subfield>
            <marc:subfield code="1">http://viaf.org/viaf/64008667</marc:subfield>
        </marc:datafield>
        <marc:datafield tag="700" ind1="1" ind2="2">
            <marc:subfield code="a">MacDonald, George</marc:subfield>
            <marc:subfield code="e">author</marc:subfield>
            <marc:subfield code="d">1824-1905</marc:subfield>
            <marc:subfield code="t">At the back of the north wind</marc:subfield>
            <marc:subfield code="1">http://viaf.org/viaf/219199890</marc:subfield>
        </marc:datafield>
        <marc:datafield tag="700" ind1="1" ind2=" ">
            <marc:subfield code="a">Folkard, Charles</marc:subfield>
            <marc:subfield code="d">1878-1963</marc:subfield>
            <marc:subfield code="e">colorist</marc:subfield>
            <marc:subfield code="e">illustrator</marc:subfield>
            <marc:subfield code="1">http://viaf.org/viaf/33484662</marc:subfield>
        </marc:datafield>
    </marc:record>