
    <marc:record>
        <marc:leader>01030cam a2200253 i 4500</marc:leader>
        <marc:controlfield tag="001">4060125</marc:controlfield>
        <marc:controlfield tag="007">ta</marc:controlfield>
        <marc:controlfield tag="008">731003r19661871miua   j      000 1 eng  </marc:controlfield>
        <marc:datafield tag="040" ind1=" " ind2=" ">
            <marc:subfield code="a">DLC</marc:subfield>
            <marc:subfield code="b">eng</marc:subfield>
            <marc:subfield code="c">DLC</marc:subfield>
            <marc:subfield code="d">DLC</marc:subfield>
            <marc:subfield code="e">rda</marc:subfield>
        </marc:datafield>
        <marc:datafield tag="041" ind1=" " ind2=" ">
            <marc:subfield code="a">eng</marc:subfield>
        </marc:datafield>
        <marc:datafield tag="100" ind1="1" ind2=" ">
            <marc:subfield code="a">MacDonald, George</marc:subfield>
            <marc:subfield code="4">aut</marc:subfield>
            <marc:subfield code="d">1824-1905</marc:subfield>
            <marc:subfield code="1">http://viaf.org/viaf/64008667</marc:subfield>
        </marc:datafield>
        <marc:datafield tag="240" ind1="1" ind2="0">
            <marc:subfield code="a">MacDonald, George, 1824-1905. | At the back of the north wind</marc:subfield>
            <marc:subfield code="1">http://viaf.org/viaf/219199890</marc:subfield>
        </marc:datafield>
        <marc:datafield tag="245" ind1="1" ind2="0">
            <marc:subfield code="a">At the back of the North Wind</marc:subfield>
            <marc:subfield code="c">MacDonald, George</marc:subfield>
            <marc:subfield code="c">Illustrated by Hughes, Arthur</marc:subfield>
        </marc:datafield>
        <marc:datafield tag="264" ind1=" " ind2="1">
            <marc:subfield code="a">Ann Arbor [Mich.]</marc:subfield>
            <marc:subfield code="b">University Microfilms</marc:subfield>
            <marc:subfield code="c">1966</marc:subfield>
        </marc:datafield>
        <marc:datafield tag="300" ind1=" " ind2=" ">
            <marc:subfield code="a">vi, 378s</marc:subfield>
            <marc:subfield code="b">ill</marc:subfield>
            <marc:subfield code="c">24cm</marc:subfield>
        </marc:datafield>
        <marc:datafield tag="336" ind1=" " ind2=" ">
            <marc:subfield code="a">text</marc:subfield>
            <marc:subfield code="b">txt</marc:subfield>
            <marc:subfield code="2">rdacontent</marc:subfield>
        </marc:datafield>
        <marc:datafield tag="337" ind1=" " ind2=" ">
            <marc:subfield code="a">unmediated</marc:subfield>
            <marc:subfield code="b">n</marc:subfield>
            <marc:subfield code="2">rdamedia</marc:subfield>
        </marc:datafield>
        <marc:datafield tag="338" ind1=" " ind2=" ">
            <marc:subfield code="a">volume</marc:subfield>
            <marc:subfield code="b">nc</marc:subfield>
            <marc:subfield code="2">rdacarrier</marc:subfield>
        </marc:datafield>
        <marc:datafield tag="380" ind1=" " ind2=" ">
            <marc:subfield code="a">Fiction</marc:subfield>
        </marc:datafield>
        <marc:datafield tag="500" ind1=" " ind2=" ">
            <marc:subfield code="a">"As originally published by Strahan in London in 1871 and by E. P. Dutton &amp; Co., New York." </marc:subfield>
        </marc:datafield>
        <marc:datafield tag="650" ind1=" " ind2="4">
            <marc:subfield code="a">fantasy</marc:subfield>
        </marc:datafield>
        <marc:datafield tag="650" ind1=" " ind2="0">
            <marc:subfield code="a">childrens</marc:subfield>
        </marc:datafield>
        <marc:datafield tag="700" ind1="1" ind2=" ">
            <marc:subfield code="a">MacDonald, George</marc:subfield>
            <marc:subfield code="e">author</marc:subfield>
            <marc:subfield code="d">1824-1905</marc:subfield>
            <marc:subfield code="1">http://viaf.org/viaf/64008667</marc:subfield>
        </marc:datafield>
        <marc:datafield tag="700" ind1="1" ind2=" ">
            <marc:subfield code="a">Hughes, Arthur</marc:subfield>
            <marc:subfield code="d">1832-1915</marc:subfield>
            <marc:subfield code="e">illustrator</marc:subfield>
            <marc:subfield code="1">http://viaf.org/viaf/30418012</marc:subfield>
        </marc:datafield>
    </marc:record>