
    <marc:record>
        <marc:leader>02217ngm a22003850i 450 </marc:leader>
        <marc:controlfield tag="001">25888529</marc:controlfield>
        <marc:controlfield tag="007">vd ||||||</marc:controlfield>
        <marc:controlfield tag="008">000000s2005    dk                | mul d</marc:controlfield>
        <marc:datafield tag="020" ind1=" " ind2=" ">
            <marc:subfield code="c">kr. 493,75 (DBC mediers brugsretskategori: C+) (DBC medier)</marc:subfield>
        </marc:datafield>
        <marc:datafield tag="040" ind1=" " ind2=" ">
            <marc:subfield code="b">eng</marc:subfield>
            <marc:subfield code="e">rda</marc:subfield>
        </marc:datafield>
        <marc:datafield tag="041" ind1="1" ind2=" ">
            <marc:subfield code="a">eng</marc:subfield>
            <marc:subfield code="b">eng</marc:subfield>
            <marc:subfield code="b">ger</marc:subfield>
            <marc:subfield code="b">fre</marc:subfield>
            <marc:subfield code="b">dut</marc:subfield>
            <marc:subfield code="b">spa</marc:subfield>
            <marc:subfield code="b">ita</marc:subfield>
            <marc:subfield code="b">por</marc:subfield>
            <marc:subfield code="b">ara</marc:subfield>
            <marc:subfield code="b">cze</marc:subfield>
            <marc:subfield code="b">dan</marc:subfield>
            <marc:subfield code="b">fin</marc:subfield>
            <marc:subfield code="b">gre</marc:subfield>
            <marc:subfield code="b">heb</marc:subfield>
            <marc:subfield code="b">hin</marc:subfield>
            <marc:subfield code="b">hun</marc:subfield>
            <marc:subfield code="b">ice</marc:subfield>
            <marc:subfield code="b">nor</marc:subfield>
            <marc:subfield code="b">pol</marc:subfield>
            <marc:subfield code="b">swe</marc:subfield>
            <marc:subfield code="b">tur</marc:subfield>
        </marc:datafield>
        <marc:datafield tag="100" ind1="1" ind2=" ">
            <marc:subfield code="a">Stoker, Bram</marc:subfield>
            <marc:subfield code="4">aut</marc:subfield>
            <marc:subfield code="d">1847-1912</marc:subfield>
            <marc:subfield code="1">http://viaf.org/viaf/17229847</marc:subfield>
        </marc:datafield>
        <marc:datafield tag="240" ind1="1" ind2="0">
            <marc:subfield code="a">Bram Stoker's Dracula (Motion picture)</marc:subfield>
            <marc:subfield code="1">http://viaf.org/viaf/316751590</marc:subfield>
        </marc:datafield>
        <marc:datafield tag="245" ind1="1" ind2="0">
            <marc:subfield code="a">Dracula</marc:subfield>
            <marc:subfield code="c">directed by Francis Ford Coppola ; screenplay by James V. Hart ; produced by Francis Ford Coppola, Fred Fuchs, Charles Mulvehill ; director of photography Michael Ballhaus</marc:subfield>
        </marc:datafield>
        <marc:datafield tag="264" ind1=" " ind2="1">
            <marc:subfield code="a">[Frederiksberg]</marc:subfield>
            <marc:subfield code="b">Universal Pictures (Denmark)</marc:subfield>
            <marc:subfield code="c">[2005]</marc:subfield>
        </marc:datafield>
        <marc:datafield tag="300" ind1=" " ind2=" ">
            <marc:subfield code="a">1 dvd-video (123 min.)</marc:subfield>
        </marc:datafield>
        <marc:datafield tag="336" ind1=" " ind2=" ">
            <marc:subfield code="a">two-dimensional moving image</marc:subfield>
            <marc:subfield code="b">tdi</marc:subfield>
            <marc:subfield code="2">rdacontent</marc:subfield>
        </marc:datafield>
        <marc:datafield tag="337" ind1=" " ind2=" ">
            <marc:subfield code="a">video</marc:subfield>
            <marc:subfield code="b">v</marc:subfield>
            <marc:subfield code="2">rdamedia</marc:subfield>
        </marc:datafield>
        <marc:datafield tag="338" ind1=" " ind2=" ">
            <marc:subfield code="a">videodisc</marc:subfield>
            <marc:subfield code="b">vd</marc:subfield>
            <marc:subfield code="2">rdacarrier</marc:subfield>
        </marc:datafield>
        <marc:datafield tag="380" ind1=" " ind2=" ">
            <marc:subfield code="a">Motion picture</marc:subfield>
        </marc:datafield>
        <marc:datafield tag="500" ind1=" " ind2=" ">
            <marc:subfield code="a">DSD8213881</marc:subfield>
        </marc:datafield>
        <marc:datafield tag="500" ind1=" " ind2=" ">
            <marc:subfield code="a">Medvirkende: Gary Oldman, Winona Ryder, Anthony Hopkins, Keanu Reeves m.fl.</marc:subfield>
        </marc:datafield>
        <marc:datafield tag="500" ind1=" " ind2=" ">
            <marc:subfield code="a">Baseret p ̄roman af Bram Stoker</marc:subfield>
        </marc:datafield>
        <marc:datafield tag="500" ind1=" " ind2=" ">
            <marc:subfield code="a">Originalfilmen: USA : Columbia Pictures, 1992</marc:subfield>
        </marc:datafield>
        <marc:datafield tag="505" ind1="8" ind2=" ">
            <marc:subfield code="a">Af indholdet: Extra features (U.S. theatrical trailer (English) - subtitled ; DVD trailer ; Costume designs ; Filmographies ; Documentary - Dracula bloodlines: The man, the myth, the legend)</marc:subfield>
        </marc:datafield>
        <marc:datafield tag="546" ind1=" " ind2=" ">
            <marc:subfield code="a">Engelsk tale, samt synkronisering p ̄fransk, tysk, italiensk og spansk</marc:subfield>
        </marc:datafield>
        <marc:datafield tag="546" ind1=" " ind2=" ">
            <marc:subfield code="a">Undertekster p ̄engelsk, tysk, fransk, hollandsk, spansk, italiensk, portugisisk, arabisk, tjekkisk, dansk, finsk, grs̆k, hebraisk, hindi, ungarsk, islandsk, norsk, polsk, svensk og tyrkisk</marc:subfield>
        </marc:datafield>
        <marc:datafield tag="650" ind1=" " ind2="4">
            <marc:subfield code="a">fantasy</marc:subfield>
        </marc:datafield>
        <marc:datafield tag="650" ind1=" " ind2="0">
            <marc:subfield code="a">horror</marc:subfield>
        </marc:datafield>
        <marc:datafield tag="650" ind1=" " ind2="0">
            <marc:subfield code="a">paranormal</marc:subfield>
        </marc:datafield>
        <marc:datafield tag="700" ind1="1" ind2=" ">
            <marc:subfield code="a">Coppola, Francis Ford</marc:subfield>
            <marc:subfield code="e">director</marc:subfield>
            <marc:subfield code="1">http://viaf.org/viaf/112744406</marc:subfield>
        </marc:datafield>
        <marc:datafield tag="700" ind1="1" ind2=" ">
            <marc:subfield code="a">Hart, James V</marc:subfield>
            <marc:subfield code="e">screenwriter</marc:subfield>
            <marc:subfield code="1">http://viaf.org/viaf/102382023</marc:subfield>
        </marc:datafield>
        <marc:datafield tag="700" ind1="1" ind2=" ">
            <marc:subfield code="a">Ballhaus, Michael</marc:subfield>
            <marc:subfield code="e">producer</marc:subfield>
        </marc:datafield>
        <marc:datafield tag="700" ind1="1" ind2=" ">
            <marc:subfield code="a">Stoker, Bram</marc:subfield>
            <marc:subfield code="d">1847-1912</marc:subfield>
            <marc:subfield code="e">author</marc:subfield>
            <marc:subfield code="1">http://viaf.org/viaf/17229847</marc:subfield>
        </marc:datafield>
        <marc:datafield tag="700" ind1="1" ind2="2">
            <marc:subfield code="a">Stoker, Bram</marc:subfield>
            <marc:subfield code="d">1847-1912</marc:subfield>
            <marc:subfield code="e">author</marc:subfield>
            <marc:subfield code="i">http://rdaregistry.info/termList/RDATerms/1003</marc:subfield>
            <marc:subfield code="t">Dracula</marc:subfield>
            <marc:subfield code="1">http://viaf.org/viaf/194144783017853134071</marc:subfield>
        </marc:datafield>
    </marc:record>