
    <marc:record>
        <marc:leader>03565cgm a22004697i 4500</marc:leader>
        <marc:controlfield tag="001">20283176</marc:controlfield>
        <marc:controlfield tag="007">vd csaizq</marc:controlfield>
        <marc:controlfield tag="008">180117t20072007xxu127 |          mleng  </marc:controlfield>
        <marc:datafield tag="020" ind1=" " ind2=" ">
            <marc:subfield code="a">9781424816835</marc:subfield>
        </marc:datafield>
        <marc:datafield tag="020" ind1=" " ind2=" ">
            <marc:subfield code="a">1424816831</marc:subfield>
        </marc:datafield>
        <marc:datafield tag="040" ind1=" " ind2=" ">
            <marc:subfield code="a">DLC</marc:subfield>
            <marc:subfield code="b">eng</marc:subfield>
            <marc:subfield code="e">rda</marc:subfield>
            <marc:subfield code="c">DLC</marc:subfield>
            <marc:subfield code="e">rda</marc:subfield>
        </marc:datafield>
        <marc:datafield tag="041" ind1="1" ind2=" ">
            <marc:subfield code="a">eng</marc:subfield>
            <marc:subfield code="a">fre</marc:subfield>
            <marc:subfield code="a">hun</marc:subfield>
            <marc:subfield code="a">cze</marc:subfield>
            <marc:subfield code="a">pol</marc:subfield>
            <marc:subfield code="a">rus</marc:subfield>
            <marc:subfield code="j">eng</marc:subfield>
            <marc:subfield code="j">ara</marc:subfield>
            <marc:subfield code="j">chi</marc:subfield>
            <marc:subfield code="j">cze</marc:subfield>
            <marc:subfield code="j">dan</marc:subfield>
            <marc:subfield code="j">dut</marc:subfield>
            <marc:subfield code="j">fin</marc:subfield>
            <marc:subfield code="j">fre</marc:subfield>
            <marc:subfield code="j">gre</marc:subfield>
            <marc:subfield code="j">heb</marc:subfield>
            <marc:subfield code="j">hin</marc:subfield>
            <marc:subfield code="j">hun</marc:subfield>
            <marc:subfield code="j">kor</marc:subfield>
            <marc:subfield code="j">nor</marc:subfield>
            <marc:subfield code="j">pol</marc:subfield>
            <marc:subfield code="j">por</marc:subfield>
            <marc:subfield code="j">spa</marc:subfield>
            <marc:subfield code="j">swe</marc:subfield>
            <marc:subfield code="j">tha</marc:subfield>
            <marc:subfield code="j">tur</marc:subfield>
            <marc:subfield code="j">rum</marc:subfield>
            <marc:subfield code="j">ice</marc:subfield>
            <marc:subfield code="j">bul</marc:subfield>
        </marc:datafield>
        <marc:datafield tag="100" ind1="1" ind2=" ">
            <marc:subfield code="a">Stoker, Bram</marc:subfield>
            <marc:subfield code="4">aut</marc:subfield>
            <marc:subfield code="d">1847-1912</marc:subfield>
            <marc:subfield code="1">http://viaf.org/viaf/17229847</marc:subfield>
        </marc:datafield>
        <marc:datafield tag="240" ind1="1" ind2="0">
            <marc:subfield code="a">Bram Stoker's Dracula (Motion picture)</marc:subfield>
            <marc:subfield code="1">http://viaf.org/viaf/316751590</marc:subfield>
        </marc:datafield>
        <marc:datafield tag="245" ind1="1" ind2="0">
            <marc:subfield code="a">Bram Stoker's Dracula</marc:subfield>
            <marc:subfield code="c">Columbia Pictures presents an American Zoetrope/Osiris Films production ; screenplay by James V. Hart ; produced by Francis Ford Coppola, Fred Fuchs and Charles Mulvehill ; directed by Francis Ford Coppola</marc:subfield>
        </marc:datafield>
        <marc:datafield tag="250" ind1=" " ind2=" ">
            <marc:subfield code="a">Collector's edition</marc:subfield>
        </marc:datafield>
        <marc:datafield tag="300" ind1=" " ind2=" ">
            <marc:subfield code="3">viewing copy</marc:subfield>
            <marc:subfield code="a">1 videodisc (approximately 127 min.)</marc:subfield>
            <marc:subfield code="b">sound, color</marc:subfield>
            <marc:subfield code="c">4 3/4 in</marc:subfield>
        </marc:datafield>
        <marc:datafield tag="336" ind1=" " ind2=" ">
            <marc:subfield code="a">two-dimensional moving image</marc:subfield>
            <marc:subfield code="b">tdi</marc:subfield>
            <marc:subfield code="2">rdacontent</marc:subfield>
        </marc:datafield>
        <marc:datafield tag="337" ind1=" " ind2=" ">
            <marc:subfield code="a">video</marc:subfield>
            <marc:subfield code="b">v</marc:subfield>
            <marc:subfield code="2">rdamedia</marc:subfield>
        </marc:datafield>
        <marc:datafield tag="338" ind1=" " ind2=" ">
            <marc:subfield code="a">videodisc</marc:subfield>
            <marc:subfield code="b">vd</marc:subfield>
            <marc:subfield code="2">rdacarrier</marc:subfield>
        </marc:datafield>
        <marc:datafield tag="380" ind1=" " ind2=" ">
            <marc:subfield code="a">Motion picture</marc:subfield>
        </marc:datafield>
        <marc:datafield tag="500" ind1=" " ind2=" ">
            <marc:subfield code="a">Aspect ratio: 1.85:1</marc:subfield>
        </marc:datafield>
        <marc:datafield tag="500" ind1=" " ind2=" ">
            <marc:subfield code="a">Based on Dracula by Bram Stoker</marc:subfield>
        </marc:datafield>
        <marc:datafield tag="500" ind1=" " ind2=" ">
            <marc:subfield code="a">Originally released as a motion picture in 1992</marc:subfield>
        </marc:datafield>
        <marc:datafield tag="500" ind1=" " ind2=" ">
            <marc:subfield code="a">Title from container</marc:subfield>
        </marc:datafield>
        <marc:datafield tag="500" ind1=" " ind2=" ">
            <marc:subfield code="a">Special features: over 30 minutes of deleted scenes; audio commentary &amp; film introduction by director Francis Ford Coppola; the blood is the life - the making of Dracula; the costumes are the sets - the design of Eiko Ishioka; in-camera - the naïve visual effects of Dracula; method and madness - visualizing Dracula</marc:subfield>
        </marc:datafield>
        <marc:datafield tag="500" ind1=" " ind2=" ">
            <marc:subfield code="a">Sources used: container; Internet movie database, viewed January 17, 2018; Wikipedia WWW site, viewed January 17, 2018</marc:subfield>
        </marc:datafield>
        <marc:datafield tag="520" ind1=" " ind2=" ">
            <marc:subfield code="a">Jonathan Harker is a young lawyer who is assigned to a gloomy village just outside of Transylvania. He is forced to stay at the castle of the undead vampire Dracula and imprisoned by his minons. Dracula travels to London after being inspired by a photograph of Harker's betrothed, Mina Murray. Once Dracula lands in England, his reign of seduction and terror begins. He drains the life from Mina's closest friend, Lucy Westenra. Lucy's friends, including her fiancé, gather together to try to drive Dracula away</marc:subfield>
        </marc:datafield>
        <marc:datafield tag="546" ind1=" " ind2=" ">
            <marc:subfield code="a">English PCM 5.1 (uncompressed), English 5.1, French 5.1, Hungarian 5.1, Czech 5.1, Polish VO 5.1, Russian 4.0; subtitles in English, English SDH, Arabic, Chinese, Czech, Danish, Dutch, Finnish, French, Greek, Hebrew, Hindi, Hungarian, Korean, Norwegian, Polish, Portuguese, Spanish, Swedish, Thai, Turkish, Romanian, Icelandic, Bulgarian</marc:subfield>
        </marc:datafield>
        <marc:datafield tag="650" ind1=" " ind2="0">
            <marc:subfield code="a">horror</marc:subfield>
        </marc:datafield>
        <marc:datafield tag="650" ind1=" " ind2="4">
            <marc:subfield code="a">fantasy</marc:subfield>
        </marc:datafield>
        <marc:datafield tag="650" ind1=" " ind2="0">
            <marc:subfield code="a">paranormal</marc:subfield>
        </marc:datafield>
        <marc:datafield tag="700" ind1="1" ind2=" ">
            <marc:subfield code="a">Coppola, Francis Ford</marc:subfield>
            <marc:subfield code="d">1939-</marc:subfield>
            <marc:subfield code="e">film director</marc:subfield>
            <marc:subfield code="e">film producer</marc:subfield>
            <marc:subfield code="1">http://viaf.org/viaf/112744406</marc:subfield>
        </marc:datafield>
        <marc:datafield tag="700" ind1="1" ind2=" ">
            <marc:subfield code="a">Fuchs, Fred</marc:subfield>
            <marc:subfield code="q">(Fred S.),</marc:subfield>
            <marc:subfield code="e">film producer</marc:subfield>
            <marc:subfield code="1">http://viaf.org/viaf/2217157</marc:subfield>
        </marc:datafield>
        <marc:datafield tag="700" ind1="1" ind2=" ">
            <marc:subfield code="a">Mulvehill, Charles</marc:subfield>
            <marc:subfield code="e">film producer</marc:subfield>
            <marc:subfield code="1">http://viaf.org/viaf/301493872</marc:subfield>
        </marc:datafield>
        <marc:datafield tag="700" ind1="1" ind2=" ">
            <marc:subfield code="a">Hart, James V.</marc:subfield>
            <marc:subfield code="e">screenwriter</marc:subfield>
            <marc:subfield code="1">http://viaf.org/viaf/102382023</marc:subfield>
        </marc:datafield>
        <marc:datafield tag="700" ind1="1" ind2=" ">
            <marc:subfield code="a">Oldman, Gary</marc:subfield>
            <marc:subfield code="e">actor</marc:subfield>
            <marc:subfield code="1">http://viaf.org/viaf/117341583</marc:subfield>
        </marc:datafield>
        <marc:datafield tag="700" ind1="1" ind2=" ">
            <marc:subfield code="a">Ryder, Winona</marc:subfield>
            <marc:subfield code="d">1971-</marc:subfield>
            <marc:subfield code="e">actor</marc:subfield>
            <marc:subfield code="1">http://viaf.org/viaf/85450712</marc:subfield>
        </marc:datafield>
        <marc:datafield tag="700" ind1="1" ind2=" ">
            <marc:subfield code="a">Hopkins, Anthony</marc:subfield>
            <marc:subfield code="d">1937-</marc:subfield>
            <marc:subfield code="e">actor</marc:subfield>
            <marc:subfield code="1">http://viaf.org/viaf/2662788</marc:subfield>
        </marc:datafield>
        <marc:datafield tag="700" ind1="1" ind2=" ">
            <marc:subfield code="a">Reeves, Keanu</marc:subfield>
            <marc:subfield code="e">actor</marc:subfield>
            <marc:subfield code="1">http://viaf.org/viaf/85367902</marc:subfield>
        </marc:datafield>
        <marc:datafield tag="700" ind1="1" ind2=" ">
            <marc:subfield code="a">Stoker, Bram</marc:subfield>
            <marc:subfield code="d">1847-1912</marc:subfield>
            <marc:subfield code="e">author</marc:subfield>
            <marc:subfield code="1">http://viaf.org/viaf/17229847</marc:subfield>
        </marc:datafield>
        <marc:datafield tag="700" ind1="1" ind2="2">
            <marc:subfield code="a">Stoker, Bram</marc:subfield>
            <marc:subfield code="d">1847-1912</marc:subfield>
            <marc:subfield code="e">author</marc:subfield>
            <marc:subfield code="i">http://rdaregistry.info/termList/RDATerms/1003</marc:subfield>
            <marc:subfield code="t">Dracula</marc:subfield>
            <marc:subfield code="1">http://viaf.org/viaf/194144783017853134071</marc:subfield>
        </marc:datafield>
    </marc:record>