
    <marc:record>
        <marc:leader>01998cgm a22003497i 4500</marc:leader>
        <marc:controlfield tag="001">11600882</marc:controlfield>
        <marc:controlfield tag="007">mrucbaafs</marc:controlfield>
        <marc:controlfield tag="008">920514s1988    xxk094            mleng  </marc:controlfield>
        <marc:datafield tag="040" ind1=" " ind2=" ">
            <marc:subfield code="a">DLC</marc:subfield>
            <marc:subfield code="b">eng</marc:subfield>
            <marc:subfield code="c">DLC</marc:subfield>
            <marc:subfield code="d">DLC</marc:subfield>
            <marc:subfield code="e">rda</marc:subfield>
        </marc:datafield>
        <marc:datafield tag="041" ind1=" " ind2=" ">
            <marc:subfield code="a">eng</marc:subfield>
        </marc:datafield>
        <marc:datafield tag="100" ind1="1" ind2=" ">
            <marc:subfield code="a">Russell, Ken</marc:subfield>
            <marc:subfield code="d">1927-2011</marc:subfield>
            <marc:subfield code="4">drt</marc:subfield>
            <marc:subfield code="1">http://viaf.org/viaf/85079952</marc:subfield>
        </marc:datafield>
        <marc:datafield tag="240" ind1="1" ind2="0">
            <marc:subfield code="a">Stoker, Bram, 1847-1912. | Lair of the white worm</marc:subfield>
            <marc:subfield code="1">http://viaf.org/viaf/174156750</marc:subfield>
        </marc:datafield>
        <marc:datafield tag="245" ind1="0" ind2="4">
            <marc:subfield code="a">The Lair of the white worm</marc:subfield>
            <marc:subfield code="c">White Lair Productions ; directed, produced, and screenplay by Russell, Ken</marc:subfield>
        </marc:datafield>
        <marc:datafield tag="264" ind1=" " ind2="1">
            <marc:subfield code="a">Great Britain</marc:subfield>
            <marc:subfield code="b">Vestron Pictures</marc:subfield>
            <marc:subfield code="c">1988 </marc:subfield>
        </marc:datafield>
        <marc:datafield tag="264" ind1=" " ind2="1">
            <marc:subfield code="a">United States</marc:subfield>
            <marc:subfield code="b">Vestron Pictures</marc:subfield>
            <marc:subfield code="c">1988</marc:subfield>
        </marc:datafield>
        <marc:datafield tag="300" ind1=" " ind2=" ">
            <marc:subfield code="a">10 reels of 10 on 5 (ca. 8460 ft.) </marc:subfield>
            <marc:subfield code="b">sdcol</marc:subfield>
            <marc:subfield code="c">35 mm. ref print</marc:subfield>
        </marc:datafield>
        <marc:datafield tag="336" ind1=" " ind2=" ">
            <marc:subfield code="a">two-dimensional moving image</marc:subfield>
            <marc:subfield code="b">tdi</marc:subfield>
            <marc:subfield code="2">rdacontent</marc:subfield>
        </marc:datafield>
        <marc:datafield tag="337" ind1=" " ind2=" ">
            <marc:subfield code="a">projected</marc:subfield>
            <marc:subfield code="b">g</marc:subfield>
            <marc:subfield code="2">rdamedia</marc:subfield>
        </marc:datafield>
        <marc:datafield tag="338" ind1=" " ind2=" ">
            <marc:subfield code="a">film reel</marc:subfield>
            <marc:subfield code="b">mr</marc:subfield>
            <marc:subfield code="2">rdacarrier</marc:subfield>
        </marc:datafield>
        <marc:datafield tag="380" ind1=" " ind2=" ">
            <marc:subfield code="a">Motion picture</marc:subfield>
        </marc:datafield>
        <marc:datafield tag="500" ind1=" " ind2=" ">
            <marc:subfield code="a">Copyright: Vestron Pictures, Inc. Appl. au. White Lair Productions, employer for hire. NM: all cinematographic material preexisting novel. DCR 1988; PUB 21Oct88; REG 9Jan90; PA442-297.</marc:subfield>
        </marc:datafield>
        <marc:datafield tag="500" ind1=" " ind2=" ">
            <marc:subfield code="a">Title appears on leader as: Lair/white worm.</marc:subfield>
            <marc:subfield code="5">DLC</marc:subfield>
        </marc:datafield>
        <marc:datafield tag="500" ind1=" " ind2=" ">
            <marc:subfield code="a">R/Greenberg Associates appears on leader; unable to determine its function.</marc:subfield>
            <marc:subfield code="5">DLC</marc:subfield>
        </marc:datafield>
        <marc:datafield tag="500" ind1=" " ind2=" ">
            <marc:subfield code="a">Adapted from the novel by Bram Stoker</marc:subfield>
        </marc:datafield>
        <marc:datafield tag="500" ind1=" " ind2=" ">
            <marc:subfield code="a">Reference sources used: Variety, 8/31/88; New York times, 10/21/88, p. C14; Monthly film bulletin, v. 56, no. 663, p. 115-116; Screen international film and tv yearbook, 1989-1990, p. 12, 216</marc:subfield>
        </marc:datafield>
        <marc:datafield tag="650" ind1=" " ind2="4">
            <marc:subfield code="a">fantasy</marc:subfield>
        </marc:datafield>
        <marc:datafield tag="650" ind1=" " ind2="0">
            <marc:subfield code="a">horror</marc:subfield>
        </marc:datafield>
        <marc:datafield tag="700" ind1="1" ind2=" ">
            <marc:subfield code="a">Russell, Ken</marc:subfield>
            <marc:subfield code="d">1927-2011</marc:subfield>
            <marc:subfield code="e">director</marc:subfield>
            <marc:subfield code="e">producer</marc:subfield>
            <marc:subfield code="s">creenwriter</marc:subfield>
            <marc:subfield code="1">http://viaf.org/viaf/85079952</marc:subfield>
        </marc:datafield>
        <marc:datafield tag="700" ind1="1" ind2=" ">
            <marc:subfield code="a">Donohoe, Amanda</marc:subfield>
            <marc:subfield code="e">actor</marc:subfield>
            <marc:subfield code="d">1962-</marc:subfield>
            <marc:subfield code="1">http://viaf.org/viaf/49423345</marc:subfield>
        </marc:datafield>
        <marc:datafield tag="700" ind1="1" ind2=" ">
            <marc:subfield code="a">Grant, Hugh</marc:subfield>
            <marc:subfield code="e">actor</marc:subfield>
            <marc:subfield code="d">1960-</marc:subfield>
            <marc:subfield code="1">http://viaf.org/viaf/85474561</marc:subfield>
        </marc:datafield>
        <marc:datafield tag="700" ind1="1" ind2="2">
            <marc:subfield code="a">Stoker, Bram</marc:subfield>
            <marc:subfield code="d">1847-1912</marc:subfield>
            <marc:subfield code="e">author</marc:subfield>
            <marc:subfield code="i">http://rdaregistry.info/termList/RDATerms/1003</marc:subfield>
            <marc:subfield code="t">The Lair of the white worm</marc:subfield>
            <marc:subfield code="1">http://viaf.org/viaf/174156750</marc:subfield>
        </marc:datafield>
        <marc:datafield tag="700" ind1="1" ind2=" ">
            <marc:subfield code="a">Stoker, Bram</marc:subfield>
            <marc:subfield code="d">1847-1912</marc:subfield>
            <marc:subfield code="e">author</marc:subfield>
            <marc:subfield code="1">http://viaf.org/viaf/17229847</marc:subfield>
        </marc:datafield>
    </marc:record>