
    <marc:record>
        <marc:leader>02086ngm a2200409 i 4500</marc:leader>
        <marc:controlfield tag="001">a6094704</marc:controlfield>
        <marc:controlfield tag="007">vd ||||||</marc:controlfield>
        <marc:controlfield tag="008">180116s2017    sp 074 g      q   vlspa  </marc:controlfield>
        <marc:datafield tag="040" ind1=" " ind2=" ">
            <marc:subfield code="a">SpMaBN</marc:subfield>
            <marc:subfield code="b">spa</marc:subfield>
            <marc:subfield code="c">SpMaBN</marc:subfield>
            <marc:subfield code="e">rda</marc:subfield>
        </marc:datafield>
        <marc:datafield tag="041" ind1="1" ind2=" ">
            <marc:subfield code="a">spa</marc:subfield>
            <marc:subfield code="a">eng</marc:subfield>
            <marc:subfield code="a">fre</marc:subfield>
            <marc:subfield code="a">ger</marc:subfield>
            <marc:subfield code="a">ita</marc:subfield>
            <marc:subfield code="h">eng</marc:subfield>
            <marc:subfield code="j">mul</marc:subfield>
        </marc:datafield>
        <marc:datafield tag="100" ind1="1" ind2=" ">
            <marc:subfield code="a">Stoker, Bram</marc:subfield>
            <marc:subfield code="4">aut</marc:subfield>
            <marc:subfield code="d">1847-1912</marc:subfield>
            <marc:subfield code="1">http://viaf.org/viaf/17229847</marc:subfield>
        </marc:datafield>
        <marc:datafield tag="240" ind1="1" ind2="0">
            <marc:subfield code="a"> Dracula (Motion picture, 1930)</marc:subfield>
            <marc:subfield code="1">http://viaf.org/viaf/195003655</marc:subfield>
        </marc:datafield>
        <marc:datafield tag="245" ind1="1" ind2="0">
            <marc:subfield code="a">Drácula</marc:subfield>
            <marc:subfield code="b">Dracula (the restored version)</marc:subfield>
            <marc:subfield code="c">Stoker, Bram directed by Browning, Tod ; produced by Laemmle, Carl Jr. and  Browning, Tod ; screenplay by Fort, Garrett </marc:subfield>
        </marc:datafield>
        <marc:datafield tag="250" ind1=" " ind2=" ">
            <marc:subfield code="a">Ed. metálica limitada</marc:subfield>
        </marc:datafield>
        <marc:datafield tag="264" ind1=" " ind2="1">
            <marc:subfield code="a">Madrid</marc:subfield>
            <marc:subfield code="b">editado internacionalmente por Universal Pictures</marc:subfield>
            <marc:subfield code="c">D.L. 2017</marc:subfield>
        </marc:datafield>
        <marc:datafield tag="264" ind1=" " ind2="2">
            <marc:subfield code="b">distribuido por Sony Pictures</marc:subfield>
            <marc:subfield code="c">D.L. 2017</marc:subfield>
        </marc:datafield>
        <marc:datafield tag="300" ind1=" " ind2=" ">
            <marc:subfield code="a">1 Blu-ray (ca. 74 min)</marc:subfield>
            <marc:subfield code="b">son., bl. y n.</marc:subfield>
        </marc:datafield>
        <marc:datafield tag="336" ind1=" " ind2=" ">
            <marc:subfield code="a">two-dimensional moving image</marc:subfield>
            <marc:subfield code="b">tdi</marc:subfield>
            <marc:subfield code="2">rdacontent</marc:subfield>
        </marc:datafield>
        <marc:datafield tag="337" ind1=" " ind2=" ">
            <marc:subfield code="a">video</marc:subfield>
            <marc:subfield code="b">v</marc:subfield>
            <marc:subfield code="2">rdamedia</marc:subfield>
        </marc:datafield>
        <marc:datafield tag="338" ind1=" " ind2=" ">
            <marc:subfield code="a">videodisc</marc:subfield>
            <marc:subfield code="b">vd</marc:subfield>
            <marc:subfield code="2">rdacarrier</marc:subfield>
        </marc:datafield>
        <marc:datafield tag="380" ind1=" " ind2=" ">
            <marc:subfield code="a">Motion picture</marc:subfield>
        </marc:datafield>
        <marc:datafield tag="500" ind1=" " ind2=" ">
            <marc:subfield code="a">Basada en la novela de Bram Stoker y en la obra de teatro escrita por Hamilton Deane y John L. Balderston</marc:subfield>
        </marc:datafield>
        <marc:datafield tag="500" ind1=" " ind2=" ">
            <marc:subfield code="a">Incluye extras</marc:subfield>
        </marc:datafield>
        <marc:datafield tag="650" ind1=" " ind2="4">
            <marc:subfield code="a">fantasy</marc:subfield>
        </marc:datafield>
        <marc:datafield tag="650" ind1=" " ind2="0">
            <marc:subfield code="a">horror</marc:subfield>
        </marc:datafield>
        <marc:datafield tag="650" ind1=" " ind2="0">
            <marc:subfield code="a">paranormal</marc:subfield>
        </marc:datafield>
        <marc:datafield tag="650" ind1=" " ind2="0">
            <marc:subfield code="a">mystery</marc:subfield>
        </marc:datafield>
        <marc:datafield tag="700" ind1="1" ind2=" ">
            <marc:subfield code="a">Browning, Tod</marc:subfield>
            <marc:subfield code="d">1882-1962</marc:subfield>
            <marc:subfield code="e">drt</marc:subfield>
            <marc:subfield code="e">producer</marc:subfield>
            <marc:subfield code="1">http://viaf.org/viaf/76342791</marc:subfield>
        </marc:datafield>
        <marc:datafield tag="700" ind1="1" ind2=" ">
            <marc:subfield code="a">Laemmle, Carl</marc:subfield>
            <marc:subfield code="c">Jr.</marc:subfield>
            <marc:subfield code="d">1908-1979</marc:subfield>
            <marc:subfield code="e">producer</marc:subfield>
            <marc:subfield code="1">http://viaf.org/viaf/65083584</marc:subfield>
        </marc:datafield>
        <marc:datafield tag="700" ind1="1" ind2=" ">
            <marc:subfield code="a">Fort, Garrett</marc:subfield>
            <marc:subfield code="d">1900-1945</marc:subfield>
            <marc:subfield code="e">screenwriter</marc:subfield>
            <marc:subfield code="1">http://viaf.org/viaf/46967633</marc:subfield>
        </marc:datafield>
        <marc:datafield tag="700" ind1="1" ind2=" ">
            <marc:subfield code="a">Stoker, Bram</marc:subfield>
            <marc:subfield code="d">1847-1912</marc:subfield>
            <marc:subfield code="e">author</marc:subfield>
            <marc:subfield code="1">http://viaf.org/viaf/17229847</marc:subfield>
        </marc:datafield>
        <marc:datafield tag="700" ind1="1" ind2="2">
            <marc:subfield code="a">Stoker, Bram</marc:subfield>
            <marc:subfield code="d">1847-1912</marc:subfield>
            <marc:subfield code="e">author</marc:subfield>
            <marc:subfield code="i">http://rdaregistry.info/termList/RDATerms/1003</marc:subfield>
            <marc:subfield code="t">Dracula</marc:subfield>
            <marc:subfield code="1">http://viaf.org/viaf/194144783017853134071</marc:subfield>
        </marc:datafield>
        <marc:datafield tag="700" ind1="1" ind2=" ">
            <marc:subfield code="a">Deane, Hamilton</marc:subfield>
            <marc:subfield code="d">1880-1958</marc:subfield>
            <marc:subfield code="1">http://viaf.org/viaf/44505719</marc:subfield>
        </marc:datafield>
        <marc:datafield tag="700" ind1="1" ind2=" ">
            <marc:subfield code="a">Balderston, John L.</marc:subfield>
            <marc:subfield code="d">1899-1954</marc:subfield>
            <marc:subfield code="1">http://viaf.org/viaf/62334728</marc:subfield>
        </marc:datafield>
        <marc:datafield tag="700" ind1="1" ind2=" ">
            <marc:subfield code="a">Lugosi, Bela</marc:subfield>
            <marc:subfield code="d">1882-1956</marc:subfield>
            <marc:subfield code="e">actor</marc:subfield>
            <marc:subfield code="1">http://viaf.org/viaf/14803252</marc:subfield>
        </marc:datafield>
        <marc:datafield tag="700" ind1="1" ind2=" ">
            <marc:subfield code="a">Manners, David</marc:subfield>
            <marc:subfield code="d">1901-1998</marc:subfield>
            <marc:subfield code="e">actor</marc:subfield>
            <marc:subfield code="1">http://viaf.org/viaf/26657446</marc:subfield>
        </marc:datafield>
        <marc:datafield tag="700" ind1="1" ind2=" ">
            <marc:subfield code="a">Chandler, Helen</marc:subfield>
            <marc:subfield code="d">1906-1965</marc:subfield>
            <marc:subfield code="e">actor</marc:subfield>
            <marc:subfield code="1">http://viaf.org/viaf/37125680</marc:subfield>
        </marc:datafield>
    </marc:record>