
    <marc:record>
        <marc:leader>01290cam a22003138i 4500</marc:leader>
        <marc:controlfield tag="001">21745754</marc:controlfield>
        <marc:controlfield tag="007">ta</marc:controlfield>
        <marc:controlfield tag="008">171018s2011    xx |||||||||||000 0|eng|d</marc:controlfield>
        <marc:datafield tag="020" ind1=" " ind2=" ">
            <marc:subfield code="a">9781906332259</marc:subfield>
            <marc:subfield code="q">pocket</marc:subfield>
        </marc:datafield>
        <marc:datafield tag="040" ind1=" " ind2=" ">
            <marc:subfield code="a">BOKR</marc:subfield>
            <marc:subfield code="e">rda</marc:subfield>
            <marc:subfield code="b">eng</marc:subfield>
        </marc:datafield>
        <marc:datafield tag="041" ind1=" " ind2=" ">
            <marc:subfield code="a">eng</marc:subfield>
        </marc:datafield>
        <marc:datafield tag="100" ind1="1" ind2=" ">
            <marc:subfield code="a">Stoker, Bram</marc:subfield>
            <marc:subfield code="4">aut</marc:subfield>
            <marc:subfield code="d">1847-1912</marc:subfield>
            <marc:subfield code="1">http://viaf.org/viaf/17229847</marc:subfield>
        </marc:datafield>
        <marc:datafield tag="240" ind1="1" ind2="0">
            <marc:subfield code="a">Stoker, Bram, 1847-1912. | Dracula</marc:subfield>
            <marc:subfield code="1">http://viaf.org/viaf/194144783017853134071</marc:subfield>
        </marc:datafield>
        <marc:datafield tag="245" ind1="1" ind2="0">
            <marc:subfield code="a">Dracula the graphic novel original text</marc:subfield>
            <marc:subfield code="c">Stoker, Bram ; illustrations by Offredi, James. ; edited by Cobley, Jason</marc:subfield>
        </marc:datafield>
        <marc:datafield tag="264" ind1=" " ind2="1">
            <marc:subfield code="b">Classical Comics</marc:subfield>
            <marc:subfield code="c">2011</marc:subfield>
        </marc:datafield>
        <marc:datafield tag="300" ind1=" " ind2=" ">
            <marc:subfield code="a">152s</marc:subfield>
            <marc:subfield code="c">17.1cm</marc:subfield>
        </marc:datafield>
        <marc:datafield tag="336" ind1=" " ind2=" ">
            <marc:subfield code="a">text</marc:subfield>
            <marc:subfield code="b">txt</marc:subfield>
            <marc:subfield code="2">rdacontent</marc:subfield>
        </marc:datafield>
        <marc:datafield tag="337" ind1=" " ind2=" ">
            <marc:subfield code="a">unmediated</marc:subfield>
            <marc:subfield code="b">n</marc:subfield>
            <marc:subfield code="2">rdamedia</marc:subfield>
        </marc:datafield>
        <marc:datafield tag="338" ind1=" " ind2=" ">
            <marc:subfield code="a">volume</marc:subfield>
            <marc:subfield code="b">nc</marc:subfield>
            <marc:subfield code="2">rdacarrier</marc:subfield>
        </marc:datafield>
        <marc:datafield tag="380" ind1=" " ind2=" ">
            <marc:subfield code="a">Graphic novel</marc:subfield>
        </marc:datafield>
        <marc:datafield tag="650" ind1=" " ind2="4">
            <marc:subfield code="a">fantasy</marc:subfield>
        </marc:datafield>
        <marc:datafield tag="650" ind1=" " ind2="0">
            <marc:subfield code="a">horror</marc:subfield>
        </marc:datafield>
        <marc:datafield tag="650" ind1=" " ind2="0">
            <marc:subfield code="a">mystery</marc:subfield>
        </marc:datafield>
        <marc:datafield tag="650" ind1=" " ind2="0">
            <marc:subfield code="a">paranormal</marc:subfield>
        </marc:datafield>
        <marc:datafield tag="700" ind1="1" ind2=" ">
            <marc:subfield code="a">Stoker, Bram</marc:subfield>
            <marc:subfield code="d">1847-1912</marc:subfield>
            <marc:subfield code="e">author</marc:subfield>
            <marc:subfield code="1">http://viaf.org/viaf/17229847</marc:subfield>
        </marc:datafield>
        <marc:datafield tag="700" ind1="1" ind2="2">
            <marc:subfield code="a">Stoker, Bram</marc:subfield>
            <marc:subfield code="d">1847-1912</marc:subfield>
            <marc:subfield code="e">author</marc:subfield>
            <marc:subfield code="i">http://rdaregistry.info/termList/RDATerms/1003</marc:subfield>
            <marc:subfield code="t">Dracula</marc:subfield>
            <marc:subfield code="1">http://viaf.org/viaf/194144783017853134071</marc:subfield>
        </marc:datafield>
        <marc:datafield tag="700" ind1="1" ind2=" ">
            <marc:subfield code="a">Cobley, Jason</marc:subfield>
            <marc:subfield code="e">editor</marc:subfield>
            <marc:subfield code="1">http://viaf.org/viaf/131773965</marc:subfield>
        </marc:datafield>
        <marc:datafield tag="700" ind1="1" ind2=" ">
            <marc:subfield code="a">Offredi, James</marc:subfield>
            <marc:subfield code="e">illustrator</marc:subfield>
            <marc:subfield code="1">http://viaf.org/viaf/227425292</marc:subfield>
        </marc:datafield>
        <marc:datafield tag="700" ind1="1" ind2="2">
            <marc:subfield code="a">Dracula, Count (Fictitious character)</marc:subfield>
            <marc:subfield code="1">http://viaf.org/viaf/19148704278336932387</marc:subfield>
        </marc:datafield>
    </marc:record>