
    <marc:record>
        <marc:leader>02628nam a22002293i 4500</marc:leader>
        <marc:controlfield tag="001">20621577</marc:controlfield>
        <marc:controlfield tag="007">cr |||||||||||</marc:controlfield>
        <marc:controlfield tag="008">170417|        |  |||||o|||||000 f|eng|d</marc:controlfield>
        <marc:datafield tag="020" ind1=" " ind2=" ">
            <marc:subfield code="a">9789177593539</marc:subfield>
        </marc:datafield>
        <marc:datafield tag="040" ind1=" " ind2=" ">
            <marc:subfield code="b">eng</marc:subfield>
            <marc:subfield code="e">rda</marc:subfield>
        </marc:datafield>
        <marc:datafield tag="041" ind1=" " ind2=" ">
            <marc:subfield code="a">eng</marc:subfield>
        </marc:datafield>
        <marc:datafield tag="100" ind1="1" ind2=" ">
            <marc:subfield code="a">Stoker, Bram</marc:subfield>
            <marc:subfield code="4">aut</marc:subfield>
            <marc:subfield code="d">1847-1912</marc:subfield>
            <marc:subfield code="1">http://viaf.org/viaf/17229847</marc:subfield>
        </marc:datafield>
        <marc:datafield tag="240" ind1="1" ind2="0">
            <marc:subfield code="a">Stoker, Bram (1847-1912). | Jewel of the Seven Stars</marc:subfield>
            <marc:subfield code="1">http://viaf.org/viaf/5783151898628424190008</marc:subfield>
        </marc:datafield>
        <marc:datafield tag="245" ind1="1" ind2="0">
            <marc:subfield code="a">The Jewel of Seven Stars</marc:subfield>
            <marc:subfield code="c">Stoker, Bram</marc:subfield>
        </marc:datafield>
        <marc:datafield tag="336" ind1=" " ind2=" ">
            <marc:subfield code="a">text</marc:subfield>
            <marc:subfield code="b">txt</marc:subfield>
            <marc:subfield code="2">rdacontent</marc:subfield>
        </marc:datafield>
        <marc:datafield tag="337" ind1=" " ind2=" ">
            <marc:subfield code="a">computer</marc:subfield>
            <marc:subfield code="b">c</marc:subfield>
            <marc:subfield code="2">rdamedia</marc:subfield>
        </marc:datafield>
        <marc:datafield tag="338" ind1=" " ind2=" ">
            <marc:subfield code="a">online resource</marc:subfield>
            <marc:subfield code="b">cr</marc:subfield>
            <marc:subfield code="2">rdacarrier</marc:subfield>
        </marc:datafield>
        <marc:datafield tag="380" ind1=" " ind2=" ">
            <marc:subfield code="a">Novel</marc:subfield>
        </marc:datafield>
        <marc:datafield tag="520" ind1=" " ind2=" ">
            <marc:subfield code="a">The Jewel of Seven Stars is a horror novel by Bram Stoker first published in 1903. The story is a first-person narrative of a young man pulled into an archaeologist's plot to revive Queen Tera, an ancient Egyptian mummy. The Jewel of Seven Stars is part of a subgenre of Gothic fiction known as Gothic horror. First featured in Horace Walpole's The Castle of Otranto, Gothic horror combines elements of the Gothic and Romantic genres to create a pleasurably terrifying experience. Frankenstein, The Strange Case of Dr. Jekyll and Mr. Hyde, and Stokers Dracula are all considered landmarks of Gothic horror fiction. The Jewel of Seven Stars was Bram Stoker's eighth novel. This novel, along with The Lair of The White Worm, is one of his most famous after Dracula. The story has been adapted to film several times. The Jewel of Seven Stars was first published in the UK in 1903 and in the US in 1904. This is the 1912 edition that was published in an abridged version in the UK in 1912 by William Rider &amp; Son, London. The publishers felt that the original ending of the book was too disturbing and asked Stoker to rewrite it. As a result, Chapter XVI "Powers - Old and New" was removed and the book was given a happier ending. "Powers - Old and New" was published as an excerpt under the name "The Bridal of Death" and in 1990 it appeared in the short story collection Midnight Tales, Peter Owen Publishers, London. Although the abridged version was never published in the US, it was reprinted several times in the UK. The original version of this novel was not available in the UK until it was republished in 1996. Abraham "Bram" Stoker (1847-1912) was an Irish author. Dracula was Bram Stoker's fifth and by far his most famous novel. Other novels include The Snake's Pass (1890), The Jewel of Seven Stars (1903), The Lady of the Shroud (1909) and The Lair of the White Worm (1911). [Elib]</marc:subfield>
        </marc:datafield>
        <marc:datafield tag="650" ind1=" " ind2="4">
            <marc:subfield code="a">fantasy</marc:subfield>
        </marc:datafield>
        <marc:datafield tag="650" ind1=" " ind2="0">
            <marc:subfield code="a">horror</marc:subfield>
        </marc:datafield>
        <marc:datafield tag="700" ind1="1" ind2=" ">
            <marc:subfield code="a">Stoker, Bram</marc:subfield>
            <marc:subfield code="d">1847-1912</marc:subfield>
            <marc:subfield code="e">author</marc:subfield>
            <marc:subfield code="1">http://viaf.org/viaf/17229847</marc:subfield>
        </marc:datafield>
    </marc:record>