
    <marc:record>
        <marc:leader>02423nam a22003133i 4500</marc:leader>
        <marc:controlfield tag="001">20621632</marc:controlfield>
        <marc:controlfield tag="007">cr |||||||||||</marc:controlfield>
        <marc:controlfield tag="008">170417|        |  ||||jo|||||000 1|eng|d</marc:controlfield>
        <marc:datafield tag="020" ind1=" " ind2=" ">
            <marc:subfield code="a">9789177593553</marc:subfield>
        </marc:datafield>
        <marc:datafield tag="040" ind1=" " ind2=" ">
            <marc:subfield code="b">eng</marc:subfield>
            <marc:subfield code="e">rda</marc:subfield>
        </marc:datafield>
        <marc:datafield tag="041" ind1=" " ind2=" ">
            <marc:subfield code="a">eng</marc:subfield>
        </marc:datafield>
        <marc:datafield tag="100" ind1="1" ind2=" ">
            <marc:subfield code="a">Stoker, Bram</marc:subfield>
            <marc:subfield code="4">aut</marc:subfield>
            <marc:subfield code="d">1847-1912</marc:subfield>
            <marc:subfield code="1">http://viaf.org/viaf/17229847</marc:subfield>
        </marc:datafield>
        <marc:datafield tag="240" ind1="1" ind2="0">
            <marc:subfield code="a">Stoker, Bram, 1847-1912. | Under the Sunset</marc:subfield>
            <marc:subfield code="1">http://viaf.org/viaf/1204145424564686830705</marc:subfield>
        </marc:datafield>
        <marc:datafield tag="245" ind1="1" ind2="0">
            <marc:subfield code="a">Under the Sunset</marc:subfield>
            <marc:subfield code="c">Stoker, Bram</marc:subfield>
        </marc:datafield>
        <marc:datafield tag="336" ind1=" " ind2=" ">
            <marc:subfield code="a">text</marc:subfield>
            <marc:subfield code="b">txt</marc:subfield>
            <marc:subfield code="2">rdacontent</marc:subfield>
        </marc:datafield>
        <marc:datafield tag="337" ind1=" " ind2=" ">
            <marc:subfield code="a">computer</marc:subfield>
            <marc:subfield code="b">c</marc:subfield>
            <marc:subfield code="2">rdamedia</marc:subfield>
        </marc:datafield>
        <marc:datafield tag="338" ind1=" " ind2=" ">
            <marc:subfield code="a">online resource</marc:subfield>
            <marc:subfield code="b">cr</marc:subfield>
            <marc:subfield code="2">rdacarrier</marc:subfield>
        </marc:datafield>
        <marc:datafield tag="380" ind1=" " ind2=" ">
            <marc:subfield code="a">Electronic text</marc:subfield>
        </marc:datafield>
        <marc:datafield tag="520" ind1=" " ind2=" ">
            <marc:subfield code="a">Under the Sunset is a collection of short stories by Bram Stoker, the author of Dracula. Originally conceived of by the author to be a collection of Childrens stories, these tales lean towards the dark and moody and even sometimes scary. Several of the tales contained in this collection are considered to be examples of the finest stories ever written by Stoker. Its significance in the development of fantasy literature was recognized by its republication by the Newcastle Publishing Company as the seventeenth volume of the celebrated Newcastle Forgotten Fantasy Library series in October, 1978. The tales included are:  Under the Sunset The Rose Prince The Invisible Giant The Shadow Builder How 7 Went Mad Lies and Lillies The Castle of the King The Wondrous Child The collection Under the Sunset was first published in 1881.  Abraham "Bram" Stoker (1847-1912) was an Irish author. Dracula was Bram Stoker's fifth and by far his most famous novel. Other novels include The Snake's Pass (1890), The Jewel of Seven Stars (1903), The Lady of the Shroud (1909) and The Lair of the White Worm (1911). [Elib]</marc:subfield>
        </marc:datafield>
        <marc:datafield tag="650" ind1=" " ind2="4">
            <marc:subfield code="a">fantasy</marc:subfield>
        </marc:datafield>
        <marc:datafield tag="650" ind1=" " ind2="0">
            <marc:subfield code="a">horror</marc:subfield>
        </marc:datafield>
        <marc:datafield tag="700" ind1="1" ind2=" ">
            <marc:subfield code="a">Stoker, Bram</marc:subfield>
            <marc:subfield code="d">1847-1912</marc:subfield>
            <marc:subfield code="e">author</marc:subfield>
            <marc:subfield code="1">http://viaf.org/viaf/17229847</marc:subfield>
        </marc:datafield>
        <marc:datafield tag="856" ind1="4" ind2="2">
            <marc:subfield code="5">Leru</marc:subfield>
            <marc:subfield code="u">https://kulturivast.elib.se/Books/Details/1049058</marc:subfield>
            <marc:subfield code="x">origin:Elib</marc:subfield>
        </marc:datafield>
        <marc:datafield tag="856" ind1="4" ind2="2">
            <marc:subfield code="5">Lyck</marc:subfield>
            <marc:subfield code="u">https://kulturivast.elib.se/Books/Details/1049058</marc:subfield>
            <marc:subfield code="x">origin:Elib</marc:subfield>
        </marc:datafield>
        <marc:datafield tag="856" ind1="4" ind2="2">
            <marc:subfield code="5">MoE</marc:subfield>
            <marc:subfield code="u">https://malmo.elib.se/Books/Details/1049058</marc:subfield>
            <marc:subfield code="x">origin:Elib</marc:subfield>
        </marc:datafield>
        <marc:datafield tag="856" ind1="4" ind2="2">
            <marc:subfield code="5">Munk</marc:subfield>
            <marc:subfield code="u">https://kulturivast.elib.se/Books/Details/1049058</marc:subfield>
            <marc:subfield code="x">origin:Elib</marc:subfield>
        </marc:datafield>
        <marc:datafield tag="856" ind1="4" ind2="2">
            <marc:subfield code="5">Nyks</marc:subfield>
            <marc:subfield code="u">https://sormland.elib.se/Books/Details/1049058</marc:subfield>
            <marc:subfield code="x">origin:Elib</marc:subfield>
        </marc:datafield>
        <marc:datafield tag="856" ind1="4" ind2="2">
            <marc:subfield code="5">Skkf</marc:subfield>
            <marc:subfield code="u">https://kulturivast.elib.se/Books/Details/1049058</marc:subfield>
            <marc:subfield code="x">origin:Elib</marc:subfield>
        </marc:datafield>
        <marc:datafield tag="856" ind1="4" ind2="2">
            <marc:subfield code="5">Tanu</marc:subfield>
            <marc:subfield code="u">https://kulturivast.elib.se/Books/Details/1049058</marc:subfield>
            <marc:subfield code="x">origin:Elib</marc:subfield>
        </marc:datafield>
    </marc:record>