
    <marc:record>
        <marc:leader>03452nam a22003253i 4500</marc:leader>
        <marc:controlfield tag="001">20218344</marc:controlfield>
        <marc:controlfield tag="005">20170403150733.0</marc:controlfield>
        <marc:controlfield tag="007">cr |||||||||||</marc:controlfield>
        <marc:controlfield tag="008">170403s2017    sw |||||o|||||000 f|eng|d</marc:controlfield>
        <marc:datafield tag="020" ind1=" " ind2=" ">
            <marc:subfield code="a">9789177593256</marc:subfield>
        </marc:datafield>
        <marc:datafield tag="040" ind1=" " ind2=" ">
            <marc:subfield code="b">eng</marc:subfield>
            <marc:subfield code="e">rda</marc:subfield>
        </marc:datafield>
        <marc:datafield tag="041" ind1=" " ind2=" ">
            <marc:subfield code="a">eng</marc:subfield>
        </marc:datafield>
        <marc:datafield tag="100" ind1="1" ind2=" ">
            <marc:subfield code="a">Stevens, Francis</marc:subfield>
            <marc:subfield code="4">aut</marc:subfield>
            <marc:subfield code="d">1884-1948</marc:subfield>
            <marc:subfield code="1">http://viaf.org/viaf/58922968</marc:subfield>
        </marc:datafield>
        <marc:datafield tag="240" ind1="1" ind2="0">
            <marc:subfield code="a">Stevens, Francis, 1884-1948.  | Nightmare!</marc:subfield>
        </marc:datafield>
        <marc:datafield tag="245" ind1="1" ind2="0">
            <marc:subfield code="a">Nightmare!</marc:subfield>
        </marc:datafield>
        <marc:datafield tag="264" ind1=" " ind2="1">
            <marc:subfield code="b">Anncona Media </marc:subfield>
            <marc:subfield code="c">2017</marc:subfield>
        </marc:datafield>
        <marc:datafield tag="336" ind1=" " ind2=" ">
            <marc:subfield code="a">text</marc:subfield>
            <marc:subfield code="b">txt</marc:subfield>
            <marc:subfield code="2">rdacontent</marc:subfield>
        </marc:datafield>
        <marc:datafield tag="337" ind1=" " ind2=" ">
            <marc:subfield code="a">computer</marc:subfield>
            <marc:subfield code="b">c</marc:subfield>
            <marc:subfield code="2">rdamedia</marc:subfield>
        </marc:datafield>
        <marc:datafield tag="338" ind1=" " ind2=" ">
            <marc:subfield code="a">online resource</marc:subfield>
            <marc:subfield code="b">cr</marc:subfield>
            <marc:subfield code="2">rdacarrier</marc:subfield>
        </marc:datafield>
        <marc:datafield tag="380" ind1=" " ind2=" ">
            <marc:subfield code="a">Electronic text</marc:subfield>
        </marc:datafield>
        <marc:datafield tag="520" ind1=" " ind2=" ">
            <marc:subfield code="a">Nightmare! A Tale of Waking Terror is a science fiction lost world novel by Francis Stevens (pseudonym for Gertrude B. Bennett), "The woman who invented dark fantasy". Nightmare! is set in a surreal Lost World embedded in a Pacific Island with a storyline that sometimes prefigures the Television series Lost. When a tourist from New York sails on the ill-fated liner Lusitania, he wakens from a night's sleep to find himself struggling in the seas off an uncharted island. There, he encounters man-eating plants, spiders as big as a dining-room table, bears as large as elephants, and bats of similar proportions. He also finds himself caught in a rivalry between two dangerous groups competing to extract a rare substance found only on the island which turns lead into gold. Then he meets the strong-minded woman who opposes both groups--and joins her cause. But, the horrors of nature and the evil plans of greedy men are only the least of the dangers they must overcome, if they are to escape their nightmare! Nightmare! first appeared in the April 14th issue of All-Story Weekly in 1917. Gertrude Barrows Bennett (18831948) was the first major female writer of fantasy and science fiction in the United States, publishing her stories under the pseudonym Francis Stevens. Bennett wrote a number of highly acclaimed fantasies between 1917 and 1923 and has been called "the woman who invented dark fantasy". Her most famous books include Claimed! (which Augustus T. Swift, in a letter to The Argosy called "One of the strangest and most compelling science fantasy novels you will ever read") and the lost world novel The Citadel of Fear. Bennett has been credited as having "the best claim at creating the new genre of dark fantasy". It has been said that Bennett's writings influenced both H. P. Lovecraft and A. Merritt, both of whom "emulated Bennett's earlier style and themes". [Elib]</marc:subfield>
        </marc:datafield>
        <marc:datafield tag="650" ind1=" " ind2="4">
            <marc:subfield code="a">fantasy</marc:subfield>
        </marc:datafield>
        <marc:datafield tag="663" ind1=" " ind2=" ">
            <marc:subfield code="a">Francis Stevens pseudonym for Gertrude Barrows Bennett</marc:subfield>
            <marc:subfield code="6">http://viaf.org/viaf/58922968</marc:subfield>
        </marc:datafield>
        <marc:datafield tag="700" ind1="1" ind2=" ">
            <marc:subfield code="a">Stevens, Francis</marc:subfield>
            <marc:subfield code="e">author</marc:subfield>
            <marc:subfield code="d">1884-1948</marc:subfield>
            <marc:subfield code="1">http://viaf.org/viaf/58922968</marc:subfield>
        </marc:datafield>
        <marc:datafield tag="856" ind1="4" ind2="2">
            <marc:subfield code="u">https://images.elib.se/cover/1048612/1048612_201704020005.jpg</marc:subfield>
            <marc:subfield code="x">digipic</marc:subfield>
            <marc:subfield code="z">Omslagsbild</marc:subfield>
        </marc:datafield>
        <marc:datafield tag="856" ind1="4" ind2="2">
            <marc:subfield code="5">Afb</marc:subfield>
            <marc:subfield code="u">https://kulturivast.elib.se/Books/Details/1048612</marc:subfield>
            <marc:subfield code="x">origin:Elib</marc:subfield>
            <marc:subfield code="z">Ln̄a frn̄ ditt bibliotek. Ln̄ekort krṽs</marc:subfield>
        </marc:datafield>
        <marc:datafield tag="856" ind1="4" ind2="2">
            <marc:subfield code="5">Hamn</marc:subfield>
            <marc:subfield code="u">https://kulturivast.elib.se/Books/Details/1048612</marc:subfield>
            <marc:subfield code="x">origin:Elib</marc:subfield>
            <marc:subfield code="z">Ln̄a frn̄ ditt bibliotek. Ln̄ekort krṽs</marc:subfield>
        </marc:datafield>
        <marc:datafield tag="856" ind1="4" ind2="2">
            <marc:subfield code="5">HibE</marc:subfield>
            <marc:subfield code="u">https://hb.elib.se/Books/Details/1048612</marc:subfield>
            <marc:subfield code="x">origin:Elib</marc:subfield>
            <marc:subfield code="z">Ln̄a frn̄ ditt bibliotek. Ln̄ekort krṽs</marc:subfield>
        </marc:datafield>
        <marc:datafield tag="856" ind1="4" ind2="2">
            <marc:subfield code="5">Leru</marc:subfield>
            <marc:subfield code="u">https://kulturivast.elib.se/Books/Details/1048612</marc:subfield>
            <marc:subfield code="x">origin:Elib</marc:subfield>
            <marc:subfield code="z">Ln̄a frn̄ ditt bibliotek. Ln̄ekort krṽs</marc:subfield>
        </marc:datafield>
        <marc:datafield tag="856" ind1="4" ind2="2">
            <marc:subfield code="5">Lyck</marc:subfield>
            <marc:subfield code="u">https://kulturivast.elib.se/Books/Details/1048612</marc:subfield>
            <marc:subfield code="x">origin:Elib</marc:subfield>
            <marc:subfield code="z">Ln̄a frn̄ ditt bibliotek. Ln̄ekort krṽs</marc:subfield>
        </marc:datafield>
    </marc:record>