
    <marc:record>
        <marc:leader>01143nam a22002892i 4500</marc:leader>
        <marc:controlfield tag="001">011097140</marc:controlfield>
        <marc:controlfield tag="005">20040219171132.0</marc:controlfield>
        <marc:controlfield tag="007">ta</marc:controlfield>
        <marc:controlfield tag="008">500101t19701918nyu           000 1 eng d</marc:controlfield>
        <marc:datafield tag="040" ind1=" " ind2=" ">
            <marc:subfield code="a">TEU</marc:subfield>
            <marc:subfield code="b">eng</marc:subfield>
            <marc:subfield code="c">TEU</marc:subfield>
            <marc:subfield code="d">BGU</marc:subfield>
            <marc:subfield code="d">EQO</marc:subfield>
            <marc:subfield code="e">rda</marc:subfield>
        </marc:datafield>
        <marc:datafield tag="041" ind1=" " ind2=" ">
            <marc:subfield code="a">eng</marc:subfield>
        </marc:datafield>
        <marc:datafield tag="100" ind1="1" ind2=" ">
            <marc:subfield code="a">Stevens, Francis</marc:subfield>
            <marc:subfield code="4">aut</marc:subfield>
            <marc:subfield code="d">1884-1948</marc:subfield>
            <marc:subfield code="1">http://viaf.org/viaf/58922968</marc:subfield>
        </marc:datafield>
        <marc:datafield tag="240" ind1="1" ind2="0">
            <marc:subfield code="a">Stevens, Francis, 1884-1948. | The Citadel of fear</marc:subfield>
            <marc:subfield code="1">http://viaf.org/viaf/8161152502986210800000</marc:subfield>
        </marc:datafield>
        <marc:datafield tag="245" ind1="1" ind2="0">
            <marc:subfield code="a">The citadel of fear</marc:subfield>
            <marc:subfield code="c">Stevens, Francis ; introd. by Moscowitz, Sam</marc:subfield>
        </marc:datafield>
        <marc:datafield tag="264" ind1=" " ind2="1">
            <marc:subfield code="a">New York</marc:subfield>
            <marc:subfield code="b">Paperback Library</marc:subfield>
            <marc:subfield code="c">[1970]</marc:subfield>
        </marc:datafield>
        <marc:datafield tag="264" ind1=" " ind2="4">
            <marc:subfield code="c">copyright 1918</marc:subfield>
        </marc:datafield>
        <marc:datafield tag="300" ind1=" " ind2=" ">
            <marc:subfield code="a">270s</marc:subfield>
            <marc:subfield code="c">18cm</marc:subfield>
        </marc:datafield>
        <marc:datafield tag="336" ind1=" " ind2=" ">
            <marc:subfield code="a">text</marc:subfield>
            <marc:subfield code="b">txt</marc:subfield>
            <marc:subfield code="2">rdacontent</marc:subfield>
        </marc:datafield>
        <marc:datafield tag="337" ind1=" " ind2=" ">
            <marc:subfield code="a">unmediated</marc:subfield>
            <marc:subfield code="b">n</marc:subfield>
            <marc:subfield code="2">rdamedia</marc:subfield>
        </marc:datafield>
        <marc:datafield tag="338" ind1=" " ind2=" ">
            <marc:subfield code="a">volume</marc:subfield>
            <marc:subfield code="b">nc</marc:subfield>
            <marc:subfield code="2">rdacarrier</marc:subfield>
        </marc:datafield>
        <marc:datafield tag="380" ind1=" " ind2=" ">
            <marc:subfield code="a">Novel</marc:subfield>
        </marc:datafield>
        <marc:datafield tag="500" ind1=" " ind2=" ">
            <marc:subfield code="a">First published in Argosy, Sept. 14-Oct. 19, 1918</marc:subfield>
        </marc:datafield>
        <marc:datafield tag="650" ind1=" " ind2="4">
            <marc:subfield code="a">fantasy</marc:subfield>
        </marc:datafield>
        <marc:datafield tag="650" ind1=" " ind2="0">
            <marc:subfield code="a">english Literature</marc:subfield>
        </marc:datafield>
        <marc:datafield tag="663" ind1=" " ind2=" ">
            <marc:subfield code="a">Francis Stevens pseudonym for Gertrude Barrows Bennett</marc:subfield>
            <marc:subfield code="6">http://viaf.org/viaf/58922968</marc:subfield>
        </marc:datafield>
        <marc:datafield tag="700" ind1="1" ind2=" ">
            <marc:subfield code="a">Moscowitz, Sam</marc:subfield>
            <marc:subfield code="e">writer of introduction</marc:subfield>
            <marc:subfield code="1">http://viaf.org/viaf/1360147270728335700003</marc:subfield>
        </marc:datafield>
        <marc:datafield tag="700" ind1="1" ind2=" ">
            <marc:subfield code="a">Stevens, Francis</marc:subfield>
            <marc:subfield code="e">author</marc:subfield>
            <marc:subfield code="d">1884-1948</marc:subfield>
            <marc:subfield code="1">http://viaf.org/viaf/58922968</marc:subfield>
        </marc:datafield>
    </marc:record>