
    <marc:record>
        <marc:leader>01167cam a22002772i 4500</marc:leader>
        <marc:controlfield tag="001">6034954</marc:controlfield>
        <marc:controlfield tag="005">20150106144020.0</marc:controlfield>
        <marc:controlfield tag="007">ta</marc:controlfield>
        <marc:controlfield tag="008">821217s1952    paua          000 0 eng  </marc:controlfield>
        <marc:datafield tag="040" ind1=" " ind2=" ">
            <marc:subfield code="a">DLC</marc:subfield>
            <marc:subfield code="b">eng</marc:subfield>
            <marc:subfield code="c">CarP</marc:subfield>
            <marc:subfield code="d">DLC</marc:subfield>
            <marc:subfield code="e">rda</marc:subfield>
        </marc:datafield>
        <marc:datafield tag="041" ind1=" " ind2=" ">
            <marc:subfield code="a">eng</marc:subfield>
        </marc:datafield>
        <marc:datafield tag="100" ind1="1" ind2=" ">
            <marc:subfield code="a">Stevens, Francis</marc:subfield>
            <marc:subfield code="4">aut</marc:subfield>
            <marc:subfield code="d">1884-1948</marc:subfield>
            <marc:subfield code="1">http://viaf.org/viaf/58922968</marc:subfield>
        </marc:datafield>
        <marc:datafield tag="240" ind1="1" ind2="0">
            <marc:subfield code="a">Stevens, Francis, 1884-1948.  | The Heads of Cerberus</marc:subfield>
            <marc:subfield code="1">http://viaf.org/viaf/4034151051864833530005</marc:subfield>
        </marc:datafield>
        <marc:datafield tag="245" ind1="1" ind2="4">
            <marc:subfield code="a">The heads of Cerberus</marc:subfield>
            <marc:subfield code="c">Stevens, Francis [pseud.] Illustrated by Binkley, Ric with an introd. by Lloyd Arthur Eshbach</marc:subfield>
        </marc:datafield>
        <marc:datafield tag="250" ind1=" " ind2=" ">
            <marc:subfield code="a">[1st ed.]</marc:subfield>
        </marc:datafield>
        <marc:datafield tag="264" ind1=" " ind2="1">
            <marc:subfield code="a">Reading, Pa</marc:subfield>
            <marc:subfield code="b">Polaris Press</marc:subfield>
            <marc:subfield code="c">1952</marc:subfield>
        </marc:datafield>
        <marc:datafield tag="300" ind1=" " ind2=" ">
            <marc:subfield code="a">190s</marc:subfield>
            <marc:subfield code="b">ill</marc:subfield>
            <marc:subfield code="c">23cm</marc:subfield>
        </marc:datafield>
        <marc:datafield tag="336" ind1=" " ind2=" ">
            <marc:subfield code="a">text</marc:subfield>
            <marc:subfield code="b">txt</marc:subfield>
            <marc:subfield code="2">rdacontent</marc:subfield>
        </marc:datafield>
        <marc:datafield tag="337" ind1=" " ind2=" ">
            <marc:subfield code="a">unmediated</marc:subfield>
            <marc:subfield code="b">n</marc:subfield>
            <marc:subfield code="2">rdamedia</marc:subfield>
        </marc:datafield>
        <marc:datafield tag="338" ind1=" " ind2=" ">
            <marc:subfield code="a">volume</marc:subfield>
            <marc:subfield code="b">nc</marc:subfield>
            <marc:subfield code="2">rdacarrier</marc:subfield>
        </marc:datafield>
        <marc:datafield tag="380" ind1=" " ind2=" ">
            <marc:subfield code="a">Fiction</marc:subfield>
        </marc:datafield>
        <marc:datafield tag="650" ind1=" " ind2="0">
            <marc:subfield code="a">fantasy</marc:subfield>
        </marc:datafield>
        <marc:datafield tag="663" ind1=" " ind2=" ">
            <marc:subfield code="a">Francis Stevens pseudonym for Gertrude Barrows Bennett</marc:subfield>
            <marc:subfield code="6">http://viaf.org/viaf/58922968</marc:subfield>
        </marc:datafield>
        <marc:datafield tag="700" ind1="1" ind2=" ">
            <marc:subfield code="a">Binkley, Ric</marc:subfield>
            <marc:subfield code="e">illustrator</marc:subfield>
            <marc:subfield code="1">http://viaf.org/viaf/313287813</marc:subfield>
        </marc:datafield>
        <marc:datafield tag="700" ind1="1" ind2=" ">
            <marc:subfield code="a">Stevens, Francis</marc:subfield>
            <marc:subfield code="e">author</marc:subfield>
            <marc:subfield code="d">1884-1948</marc:subfield>
            <marc:subfield code="1">http://viaf.org/viaf/58922968</marc:subfield>
        </marc:datafield>
        <marc:datafield tag="700" ind1="1" ind2=" ">
            <marc:subfield code="a">Eshbach, Lloyd Arthur</marc:subfield>
            <marc:subfield code="d">1910-2003</marc:subfield>
            <marc:subfield code="e">writer of introduction</marc:subfield>
            <marc:subfield code="1">http://viaf.org/viaf/62909626</marc:subfield>
        </marc:datafield>
    </marc:record>