
    <marc:record>
        <marc:leader>02025cam a2200361 i 4500</marc:leader>
        <marc:controlfield tag="001">13574643</marc:controlfield>
        <marc:controlfield tag="005">20140610132148.0</marc:controlfield>
        <marc:controlfield tag="007">ta</marc:controlfield>
        <marc:controlfield tag="008">040427s2004    nbua     b   s000 1 eng  </marc:controlfield>
        <marc:datafield tag="020" ind1=" " ind2=" ">
            <marc:subfield code="a">0803292988</marc:subfield>
        </marc:datafield>
        <marc:datafield tag="040" ind1=" " ind2=" ">
            <marc:subfield code="b">eng</marc:subfield>
            <marc:subfield code="e">rda</marc:subfield>
        </marc:datafield>
        <marc:datafield tag="041" ind1=" " ind2=" ">
            <marc:subfield code="a">eng</marc:subfield>
        </marc:datafield>
        <marc:datafield tag="100" ind1="1" ind2=" ">
            <marc:subfield code="a">Stevens, Francis</marc:subfield>
            <marc:subfield code="4">aut</marc:subfield>
            <marc:subfield code="d">1884-1948</marc:subfield>
            <marc:subfield code="1">http://viaf.org/viaf/58922968</marc:subfield>
        </marc:datafield>
        <marc:datafield tag="240" ind1="1" ind2="0">
            <marc:subfield code="a">Stevens, Francis, 1884-1948.  | Nightmare, and other tales of dark fantasy</marc:subfield>
        </marc:datafield>
        <marc:datafield tag="245" ind1="1" ind2="4">
            <marc:subfield code="a">The nightmare, and other tales of dark fantasy</marc:subfield>
            <marc:subfield code="c">Stevens, Francis ; edited and with an introduction by Hoppenstand, Gary ; illustrations by Floyd, Thomas L. </marc:subfield>
        </marc:datafield>
        <marc:datafield tag="264" ind1=" " ind2="1">
            <marc:subfield code="a">Lincoln</marc:subfield>
            <marc:subfield code="b">University of Nebraska Press</marc:subfield>
            <marc:subfield code="c">[2004]</marc:subfield>
        </marc:datafield>
        <marc:datafield tag="264" ind1=" " ind2="4">
            <marc:subfield code="c">copyright 2004</marc:subfield>
        </marc:datafield>
        <marc:datafield tag="300" ind1=" " ind2=" ">
            <marc:subfield code="a">404s</marc:subfield>
            <marc:subfield code="b">ill</marc:subfield>
            <marc:subfield code="c">23cm</marc:subfield>
        </marc:datafield>
        <marc:datafield tag="336" ind1=" " ind2=" ">
            <marc:subfield code="a">text</marc:subfield>
            <marc:subfield code="b">txt</marc:subfield>
            <marc:subfield code="2">rdacontent</marc:subfield>
        </marc:datafield>
        <marc:datafield tag="337" ind1=" " ind2=" ">
            <marc:subfield code="a">unmediated</marc:subfield>
            <marc:subfield code="b">n</marc:subfield>
            <marc:subfield code="2">rdamedia</marc:subfield>
        </marc:datafield>
        <marc:datafield tag="338" ind1=" " ind2=" ">
            <marc:subfield code="a">volume</marc:subfield>
            <marc:subfield code="b">nc</marc:subfield>
            <marc:subfield code="2">rdacarrier</marc:subfield>
        </marc:datafield>
        <marc:datafield tag="380" ind1=" " ind2=" ">
            <marc:subfield code="a">Fiction</marc:subfield>
        </marc:datafield>
        <marc:datafield tag="500" ind1=" " ind2=" ">
            <marc:subfield code="a">Includes bibliographical references</marc:subfield>
        </marc:datafield>
        <marc:datafield tag="505" ind1="0" ind2=" ">
            <marc:subfield code="a">The nightmare (All-story weekly, April 14, 1917) -- The labyrinth (All-story weekly, July 27/August 10, 1918) -- Friend island (All-story weekly, September 7, 1918) -- Behind the curtain (All-story weekly, September 21, 1918) -- Unseen, unfeared (People's favorite magazine, February 10, 1919) -- The elf trap (Argosy, July 5, 1919) -- Serapion (Argosy, June 19/July 10, 1920) -- Sunfire (Weird tales, July/August/September/October 1923)</marc:subfield>
        </marc:datafield>
        <marc:datafield tag="650" ind1=" " ind2="4">
            <marc:subfield code="a">fantasy fiction, American</marc:subfield>
        </marc:datafield>
        <marc:datafield tag="650" ind1=" " ind2="0">
            <marc:subfield code="a">horror tales, American</marc:subfield>
        </marc:datafield>
        <marc:datafield tag="663" ind1=" " ind2=" ">
            <marc:subfield code="a">Francis Stevens pseudonym for Gertrude Barrows Bennett</marc:subfield>
            <marc:subfield code="6">http://viaf.org/viaf/58922968</marc:subfield>
        </marc:datafield>
        <marc:datafield tag="700" ind1="1" ind2=" ">
            <marc:subfield code="a">Hoppenstand, Gary</marc:subfield>
            <marc:subfield code="e">editor</marc:subfield>
            <marc:subfield code="1">http://viaf.org/viaf/41812</marc:subfield>
        </marc:datafield>
        <marc:datafield tag="700" ind1="1" ind2=" ">
            <marc:subfield code="a">Floyd, Thomas L.</marc:subfield>
            <marc:subfield code="e">illustrator</marc:subfield>
        </marc:datafield>
        <marc:datafield tag="700" ind1="1" ind2=" ">
            <marc:subfield code="a">Stevens, Francis</marc:subfield>
            <marc:subfield code="e">author</marc:subfield>
            <marc:subfield code="d">1884-1948</marc:subfield>
            <marc:subfield code="1">http://viaf.org/viaf/58922968</marc:subfield>
        </marc:datafield>
        <marc:datafield tag="856" ind1="4" ind2="1">
            <marc:subfield code="3">Table of contents</marc:subfield>
            <marc:subfield code="u">http://www.loc.gov/catdir/toc/ecip0418/2004009710.html</marc:subfield>
        </marc:datafield>
        <marc:datafield tag="856" ind1="4" ind2="2">
            <marc:subfield code="3">Contributor biographical information</marc:subfield>
            <marc:subfield code="u">http://www.loc.gov/catdir/enhancements/fy0709/2004009710-b.html</marc:subfield>
        </marc:datafield>
        <marc:datafield tag="856" ind1="4" ind2="2">
            <marc:subfield code="3">Publisher description</marc:subfield>
            <marc:subfield code="u">http://www.loc.gov/catdir/enhancements/fy0709/2004009710-d.html</marc:subfield>
        </marc:datafield>
    </marc:record>