
    <marc:record>
        <marc:leader>02309cgm a2200457 i 4500</marc:leader>
        <marc:controlfield tag="001">990422157224702201</marc:controlfield>
        <marc:controlfield tag="005">20160519155617.0</marc:controlfield>
        <marc:controlfield tag="007">vd |v||||</marc:controlfield>
        <marc:controlfield tag="008">140129s2004    xx#|||||||||||####v|eng|d</marc:controlfield>
        <marc:datafield tag="040" ind1=" " ind2=" ">
            <marc:subfield code="a">NO-TrBIB</marc:subfield>
            <marc:subfield code="b">nob</marc:subfield>
            <marc:subfield code="e">rda</marc:subfield>
        </marc:datafield>
        <marc:datafield tag="041" ind1=" " ind2=" ">
            <marc:subfield code="a">eng</marc:subfield>
        </marc:datafield>
        <marc:datafield tag="100" ind1="1" ind2=" ">
            <marc:subfield code="a">Anderson, Michael</marc:subfield>
            <marc:subfield code="4">drt</marc:subfield>
            <marc:subfield code="d">1920-2018</marc:subfield>
            <marc:subfield code="1">http://viaf.org/viaf/81721847</marc:subfield>
        </marc:datafield>
        <marc:datafield tag="240" ind1="1" ind2="0">
            <marc:subfield code="a">Around the world in eighty days (Motion picture : 1956)</marc:subfield>
            <marc:subfield code="1">http://viaf.org/viaf/999148705738037080007</marc:subfield>
        </marc:datafield>
        <marc:datafield tag="245" ind1="0" ind2="0">
            <marc:subfield code="a">Around the world in 80 days</marc:subfield>
            <marc:subfield code="c">regi: Michael Anderson</marc:subfield>
        </marc:datafield>
        <marc:datafield tag="264" ind1=" " ind2="1">
            <marc:subfield code="a">Oslo</marc:subfield>
            <marc:subfield code="b">Sandrew Metronome Norge</marc:subfield>
            <marc:subfield code="c">[2004]</marc:subfield>
        </marc:datafield>
        <marc:datafield tag="300" ind1=" " ind2=" ">
            <marc:subfield code="a">2 videoplater (DVD-video) (174 min)</marc:subfield>
            <marc:subfield code="b">lyd, kol.</marc:subfield>
        </marc:datafield>
        <marc:datafield tag="336" ind1=" " ind2=" ">
            <marc:subfield code="a">two-dimensional moving image</marc:subfield>
            <marc:subfield code="b">tdi</marc:subfield>
            <marc:subfield code="2">rdacontent</marc:subfield>
        </marc:datafield>
        <marc:datafield tag="337" ind1=" " ind2=" ">
            <marc:subfield code="a">video</marc:subfield>
            <marc:subfield code="b">v</marc:subfield>
            <marc:subfield code="2">rdamedia</marc:subfield>
        </marc:datafield>
        <marc:datafield tag="338" ind1=" " ind2=" ">
            <marc:subfield code="a">videodisc</marc:subfield>
            <marc:subfield code="b">vd</marc:subfield>
            <marc:subfield code="2">rdacarrier</marc:subfield>
        </marc:datafield>
        <marc:datafield tag="380" ind1=" " ind2=" ">
            <marc:subfield code="a">Motion picture</marc:subfield>
        </marc:datafield>
        <marc:datafield tag="500" ind1=" " ind2=" ">
            <marc:subfield code="a">Rolleliste: David Niven, Cantinflas, Robert Newton, Shirley MacLaine, Charles Boyer</marc:subfield>
        </marc:datafield>
        <marc:datafield tag="500" ind1=" " ind2=" ">
            <marc:subfield code="a">Based on book by Jules Verne</marc:subfield>
        </marc:datafield>
        <marc:datafield tag="500" ind1=" " ind2=" ">
            <marc:subfield code="a">Produksjon: Michael Todd ; screenplay: James Poe, John Farrow, S.J. Perelman</marc:subfield>
        </marc:datafield>
        <marc:datafield tag="500" ind1=" " ind2=" ">
            <marc:subfield code="a">Produksjon: USA: Warner, 1956, fornyet 1984</marc:subfield>
        </marc:datafield>
        <marc:datafield tag="500" ind1=" " ind2=" ">
            <marc:subfield code="a">Norske undertekster valgbare</marc:subfield>
        </marc:datafield>
        <marc:datafield tag="500" ind1=" " ind2=" ">
            <marc:subfield code="a">Inneholder ekstramateriale</marc:subfield>
        </marc:datafield>
        <marc:datafield tag="500" ind1=" " ind2=" ">
            <marc:subfield code="a">Kodet for sone 2</marc:subfield>
        </marc:datafield>
        <marc:datafield tag="500" ind1=" " ind2=" ">
            <marc:subfield code="a">Z12 28632</marc:subfield>
        </marc:datafield>
        <marc:datafield tag="650" ind1=" " ind2="4">
            <marc:subfield code="a">fantasy</marc:subfield>
        </marc:datafield>
        <marc:datafield tag="700" ind1="1" ind2=" ">
            <marc:subfield code="a">Anderson, Michael</marc:subfield>
            <marc:subfield code="e">director</marc:subfield>
            <marc:subfield code="d">1920-2018</marc:subfield>
            <marc:subfield code="1">http://viaf.org/viaf/81721847</marc:subfield>
        </marc:datafield>
        <marc:datafield tag="700" ind1="1" ind2=" ">
            <marc:subfield code="a">Verne, Jules</marc:subfield>
            <marc:subfield code="e">author</marc:subfield>
            <marc:subfield code="d">1828-1905</marc:subfield>
            <marc:subfield code="1">http://viaf.org/viaf/7632398976323989</marc:subfield>
        </marc:datafield>
        <marc:datafield tag="700" ind1="1" ind2="2">
            <marc:subfield code="a">Verne, Jules</marc:subfield>
            <marc:subfield code="e">author</marc:subfield>
            <marc:subfield code="d">1828-1905</marc:subfield>
            <marc:subfield code="i">http://rdaregistry.info/termList/RDATerms/1003</marc:subfield>
            <marc:subfield code="t">Tour du monde en quatre-vingts jours</marc:subfield>
            <marc:subfield code="1">http://viaf.org/viaf/174954981</marc:subfield>
        </marc:datafield>
        <marc:datafield tag="700" ind1="1" ind2=" ">
            <marc:subfield code="a">Niven, David</marc:subfield>
            <marc:subfield code="e">actor</marc:subfield>
            <marc:subfield code="d">1910-1983</marc:subfield>
            <marc:subfield code="1">http://viaf.org/viaf/59189997</marc:subfield>
        </marc:datafield>
        <marc:datafield tag="700" ind1="0" ind2=" ">
            <marc:subfield code="a">Cantinflas</marc:subfield>
            <marc:subfield code="e">actor</marc:subfield>
            <marc:subfield code="d">1911-1993</marc:subfield>
            <marc:subfield code="1">http://viaf.org/viaf/14961296</marc:subfield>
        </marc:datafield>
        <marc:datafield tag="700" ind1="1" ind2=" ">
            <marc:subfield code="a">Newton, Robert</marc:subfield>
            <marc:subfield code="e">actor</marc:subfield>
            <marc:subfield code="d">1905-1956</marc:subfield>
            <marc:subfield code="1">http://viaf.org/viaf/14972258</marc:subfield>
        </marc:datafield>
        <marc:datafield tag="700" ind1="1" ind2=" ">
            <marc:subfield code="a">MacLaine, Shirley</marc:subfield>
            <marc:subfield code="e">actor</marc:subfield>
            <marc:subfield code="d">1934-</marc:subfield>
            <marc:subfield code="1">http://viaf.org/viaf/110276203</marc:subfield>
        </marc:datafield>
        <marc:datafield tag="700" ind1="1" ind2=" ">
            <marc:subfield code="a">Boyer, Charles</marc:subfield>
            <marc:subfield code="e">actor</marc:subfield>
            <marc:subfield code="d">1899-1978</marc:subfield>
            <marc:subfield code="1">http://viaf.org/viaf/46916598</marc:subfield>
        </marc:datafield>
        <marc:datafield tag="700" ind1="1" ind2=" ">
            <marc:subfield code="a">Todd, Michael</marc:subfield>
            <marc:subfield code="e">producer</marc:subfield>
            <marc:subfield code="d">1909-1958</marc:subfield>
            <marc:subfield code="1">http://viaf.org/viaf/48141699</marc:subfield>
        </marc:datafield>
        <marc:datafield tag="700" ind1="1" ind2=" ">
            <marc:subfield code="a">Poe, James</marc:subfield>
            <marc:subfield code="e">screenwriter</marc:subfield>
            <marc:subfield code="d">1921-1980</marc:subfield>
            <marc:subfield code="1">http://viaf.org/viaf/13738435</marc:subfield>
        </marc:datafield>
        <marc:datafield tag="700" ind1="1" ind2=" ">
            <marc:subfield code="a">Farrow, John</marc:subfield>
            <marc:subfield code="e">screenwriter</marc:subfield>
            <marc:subfield code="d">1904-1963</marc:subfield>
            <marc:subfield code="1">http://viaf.org/viaf/27259630</marc:subfield>
        </marc:datafield>
        <marc:datafield tag="700" ind1="1" ind2=" ">
            <marc:subfield code="a">Perelman, S. J.</marc:subfield>
            <marc:subfield code="e">screenwriter</marc:subfield>
            <marc:subfield code="d">1904-1979</marc:subfield>
            <marc:subfield code="1">http://viaf.org/viaf/114481774</marc:subfield>
        </marc:datafield>
    </marc:record>