
    <marc:record>
        <marc:leader>02474cgm a22004457i 4500</marc:leader>
        <marc:controlfield tag="001">17241401</marc:controlfield>
        <marc:controlfield tag="005">20120911142622.0</marc:controlfield>
        <marc:controlfield tag="007">vd cvaizq</marc:controlfield>
        <marc:controlfield tag="008">120404s2011    xxu285            mleng  </marc:controlfield>
        <marc:datafield tag="020" ind1=" " ind2=" ">
            <marc:subfield code="a">1417234121</marc:subfield>
        </marc:datafield>
        <marc:datafield tag="020" ind1=" " ind2=" ">
            <marc:subfield code="a">9781417234127</marc:subfield>
        </marc:datafield>
        <marc:datafield tag="040" ind1=" " ind2=" ">
            <marc:subfield code="a">DLC</marc:subfield>
            <marc:subfield code="b">eng</marc:subfield>
            <marc:subfield code="c">DLC</marc:subfield>
            <marc:subfield code="e">rda</marc:subfield>
        </marc:datafield>
        <marc:datafield tag="041" ind1="0" ind2=" ">
            <marc:subfield code="a">eng</marc:subfield>
            <marc:subfield code="j">eng</marc:subfield>
        </marc:datafield>
        <marc:datafield tag="100" ind1="1" ind2=" ">
            <marc:subfield code="a">Verne, Jules</marc:subfield>
            <marc:subfield code="4">aut</marc:subfield>
            <marc:subfield code="d">1828-1905</marc:subfield>
            <marc:subfield code="1">http://viaf.org/viaf/76323989</marc:subfield>
        </marc:datafield>
        <marc:datafield tag="240" ind1="1" ind2="0">
            <marc:subfield code="a">Around the world in 80 days (Television program : 1989 : NBC Television Network)</marc:subfield>
            <marc:subfield code="1">http://viaf.org/viaf/262661210</marc:subfield>
        </marc:datafield>
        <marc:datafield tag="245" ind1="0" ind2="0">
            <marc:subfield code="a">Around the world in 80 days: the complete epic mini-series</marc:subfield>
            <marc:subfield code="c"> Harmony Gold &amp; Reteeuropa production in association with Valente/Baerwald ; written by John Gay ; produced by Renee Valente ; directed by Buzz Kulik</marc:subfield>
        </marc:datafield>
        <marc:datafield tag="246" ind1="3" ind2=" ">
            <marc:subfield code="a">Around the world in eighty days: the complete epic mini-series</marc:subfield>
        </marc:datafield>
        <marc:datafield tag="264" ind1=" " ind2="1">
            <marc:subfield code="a">Port Washington, N.Y.</marc:subfield>
            <marc:subfield code="b">E1 Entertainment</marc:subfield>
            <marc:subfield code="c">[2011]</marc:subfield>
        </marc:datafield>
        <marc:datafield tag="300" ind1=" " ind2=" ">
            <marc:subfield code="a">2 videodiscs (285 min.)</marc:subfield>
            <marc:subfield code="b">sd., col.</marc:subfield>
            <marc:subfield code="c">4 3/4 in</marc:subfield>
            <marc:subfield code="3">viewing copy</marc:subfield>
        </marc:datafield>
        <marc:datafield tag="336" ind1=" " ind2=" ">
            <marc:subfield code="a">two-dimensional moving image</marc:subfield>
            <marc:subfield code="b">tdi</marc:subfield>
            <marc:subfield code="2">rdacontent</marc:subfield>
        </marc:datafield>
        <marc:datafield tag="337" ind1=" " ind2=" ">
            <marc:subfield code="a">video</marc:subfield>
            <marc:subfield code="b">v</marc:subfield>
            <marc:subfield code="2">rdamedia</marc:subfield>
        </marc:datafield>
        <marc:datafield tag="338" ind1=" " ind2=" ">
            <marc:subfield code="a">videodisc</marc:subfield>
            <marc:subfield code="b">vd</marc:subfield>
            <marc:subfield code="2">rdacarrier</marc:subfield>
        </marc:datafield>
        <marc:datafield tag="380" ind1=" " ind2=" ">
            <marc:subfield code="a">Motion picture</marc:subfield>
        </marc:datafield>
        <marc:datafield tag="500" ind1=" " ind2=" ">
            <marc:subfield code="a">Title from container</marc:subfield>
        </marc:datafield>
        <marc:datafield tag="500" ind1=" " ind2=" ">
            <marc:subfield code="a">Originally broadcast on television as a mini-series in 1989</marc:subfield>
        </marc:datafield>
        <marc:datafield tag="500" ind1=" " ind2=" ">
            <marc:subfield code="a">Based on the book by Jules Verne</marc:subfield>
        </marc:datafield>
        <marc:datafield tag="520" ind1=" " ind2=" ">
            <marc:subfield code="a">"Phileas Fogg wages his entire fortune that he can travel around the entire globe in eighty days. But before departing on his fantastic journey, the Bank of London is robbed, and he becomes the prime suspect. Pursued by Detective Fix, Fogg must race against time to win the bet and prove his innocence"--Container.</marc:subfield>
        </marc:datafield>
        <marc:datafield tag="650" ind1=" " ind2="0">
            <marc:subfield code="a">adventure and adventurers</marc:subfield>
            <marc:subfield code="v">Drama</marc:subfield>
        </marc:datafield>
        <marc:datafield tag="650" ind1=" " ind2="0">
            <marc:subfield code="a">voyages and travels</marc:subfield>
            <marc:subfield code="v">Drama</marc:subfield>
        </marc:datafield>
        <marc:datafield tag="650" ind1=" " ind2="4">
            <marc:subfield code="a">fantasy</marc:subfield>
        </marc:datafield>
        <marc:datafield tag="700" ind1="1" ind2=" ">
            <marc:subfield code="a">Gay, John</marc:subfield>
            <marc:subfield code="e">creator</marc:subfield>
            <marc:subfield code="d">1924-</marc:subfield>
            <marc:subfield code="1">http://viaf.org/viaf/2480890</marc:subfield>
        </marc:datafield>
        <marc:datafield tag="700" ind1="1" ind2=" ">
            <marc:subfield code="a">Valente, Renée</marc:subfield>
            <marc:subfield code="e">produser</marc:subfield>
            <marc:subfield code="1">http://viaf.org/viaf/38372210</marc:subfield>
        </marc:datafield>
        <marc:datafield tag="700" ind1="1" ind2=" ">
            <marc:subfield code="a">Kulik, Buzz</marc:subfield>
            <marc:subfield code="e">director</marc:subfield>
            <marc:subfield code="1">http://viaf.org/viaf/42025730</marc:subfield>
        </marc:datafield>
        <marc:datafield tag="700" ind1="1" ind2=" ">
            <marc:subfield code="a">Brosnan, Pierce</marc:subfield>
            <marc:subfield code="1">http://viaf.org/viaf/17418220</marc:subfield>
        </marc:datafield>
        <marc:datafield tag="700" ind1="1" ind2=" ">
            <marc:subfield code="a">Idle, Eric</marc:subfield>
            <marc:subfield code="1">http://viaf.org/viaf/64205965</marc:subfield>
        </marc:datafield>
        <marc:datafield tag="700" ind1="1" ind2=" ">
            <marc:subfield code="a">Nickson, Julia</marc:subfield>
            <marc:subfield code="d">1958-</marc:subfield>
            <marc:subfield code="1">http://viaf.org/viaf/166488501</marc:subfield>
        </marc:datafield>
        <marc:datafield tag="700" ind1="1" ind2=" ">
            <marc:subfield code="a">Ustinov, Peter</marc:subfield>
            <marc:subfield code="1">http://viaf.org/viaf/98273667</marc:subfield>
        </marc:datafield>
        <marc:datafield tag="700" ind1="1" ind2=" ">
            <marc:subfield code="a">Goldenberg, Billy</marc:subfield>
            <marc:subfield code="1">http://viaf.org/viaf/22341001</marc:subfield>
        </marc:datafield>
        <marc:datafield tag="700" ind1="1" ind2=" ">
            <marc:subfield code="a">Verne, Jules</marc:subfield>
            <marc:subfield code="e">author</marc:subfield>
            <marc:subfield code="d">1828-1905</marc:subfield>
            <marc:subfield code="1">http://viaf.org/viaf/76323989</marc:subfield>
        </marc:datafield>
        <marc:datafield tag="700" ind1="1" ind2="2">
            <marc:subfield code="a">Verne, Jules</marc:subfield>
            <marc:subfield code="e">author</marc:subfield>
            <marc:subfield code="d">1828-1905</marc:subfield>
            <marc:subfield code="i">http://rdaregistry.info/termList/RDATerms/1003</marc:subfield>
            <marc:subfield code="t">Tour du monde en quatre-vingts jours</marc:subfield>
            <marc:subfield code="1">http://viaf.org/viaf/174954981</marc:subfield>
        </marc:datafield>
    </marc:record>