
    <marc:record>
        <marc:leader>00847nam a22002173i 450 </marc:leader>
        <marc:controlfield tag="001">FRBNF315622470000007</marc:controlfield>
        <marc:controlfield tag="007">ta</marc:controlfield>
        <marc:datafield tag="040" ind1=" " ind2=" ">
            <marc:subfield code="b">fre</marc:subfield>
            <marc:subfield code="e">rda</marc:subfield>
        </marc:datafield>
        <marc:datafield tag="041" ind1=" " ind2=" ">
            <marc:subfield code="a">fre</marc:subfield>
        </marc:datafield>
        <marc:datafield tag="100" ind1="1" ind2=" ">
            <marc:subfield code="a">Verne, Jules</marc:subfield>
            <marc:subfield code="4">aut</marc:subfield>
            <marc:subfield code="d">1828-1905</marc:subfield>
            <marc:subfield code="1">http://viaf.org/viaf/76323989</marc:subfield>
        </marc:datafield>
        <marc:datafield tag="240" ind1="1" ind2="0">
            <marc:subfield code="a">Verne, Jules, 1828-1905. | Autour de la lune</marc:subfield>
            <marc:subfield code="1">http://viaf.org/viaf/184337800</marc:subfield>
        </marc:datafield>
        <marc:datafield tag="245" ind1="1" ind2=" ">
            <marc:subfield code="a">Autour de la lune, par Jules Verne,... Seconde partie de "De la terre à la lune". 17e édition</marc:subfield>
            <marc:subfield code="b">Texte imprimé</marc:subfield>
        </marc:datafield>
        <marc:datafield tag="264" ind1=" " ind2="1">
            <marc:subfield code="a">Paris</marc:subfield>
            <marc:subfield code="c">[Collection Hetzel]</marc:subfield>
            <marc:subfield code="d">(1906.)</marc:subfield>
        </marc:datafield>
        <marc:datafield tag="300" ind1=" " ind2=" ">
            <marc:subfield code="a">Gr. in-8° , 180 p., fig., pl. en coul., fig. au titre</marc:subfield>
        </marc:datafield>
        <marc:datafield tag="336" ind1=" " ind2=" ">
            <marc:subfield code="a">text</marc:subfield>
            <marc:subfield code="b">txt</marc:subfield>
            <marc:subfield code="2">rdacontent</marc:subfield>
        </marc:datafield>
        <marc:datafield tag="337" ind1=" " ind2=" ">
            <marc:subfield code="a">unmediated</marc:subfield>
            <marc:subfield code="b">n</marc:subfield>
            <marc:subfield code="2">rdamedia</marc:subfield>
        </marc:datafield>
        <marc:datafield tag="338" ind1=" " ind2=" ">
            <marc:subfield code="a">volume</marc:subfield>
            <marc:subfield code="b">nc</marc:subfield>
            <marc:subfield code="2">rdacarrier</marc:subfield>
        </marc:datafield>
        <marc:datafield tag="380" ind1=" " ind2=" ">
            <marc:subfield code="a">Novel</marc:subfield>
        </marc:datafield>
        <marc:datafield tag="500" ind1=" " ind2=" ">
            <marc:subfield code="a">Les Voyages extraordinaires. Collection Hetzel</marc:subfield>
        </marc:datafield>
        <marc:datafield tag="650" ind1=" " ind2="4">
            <marc:subfield code="a">fantasy</marc:subfield>
        </marc:datafield>
        <marc:datafield tag="700" ind1="1" ind2=" ">
            <marc:subfield code="a">Verne, Jules</marc:subfield>
            <marc:subfield code="e">author</marc:subfield>
            <marc:subfield code="d">1828-1905</marc:subfield>
            <marc:subfield code="1">http://viaf.org/viaf/76323989</marc:subfield>
        </marc:datafield>
    </marc:record>