
    <marc:record>
        <marc:leader>01682ngm a2200361 i 4500</marc:leader>
        <marc:controlfield tag="001">999920328275002201</marc:controlfield>
        <marc:controlfield tag="005">20180226124251.0</marc:controlfield>
        <marc:controlfield tag="007">vd cva|||</marc:controlfield>
        <marc:controlfield tag="008">170628s2008    no 088 |          vleng|c</marc:controlfield>
        <marc:datafield tag="040" ind1=" " ind2=" ">
            <marc:subfield code="a">NO-TrBIB</marc:subfield>
            <marc:subfield code="b">nob</marc:subfield>
            <marc:subfield code="e">rda</marc:subfield>
        </marc:datafield>
        <marc:datafield tag="041" ind1="0" ind2=" ">
            <marc:subfield code="a">eng</marc:subfield>
            <marc:subfield code="j">dan</marc:subfield>
            <marc:subfield code="j">swe</marc:subfield>
            <marc:subfield code="j">eng</marc:subfield>
            <marc:subfield code="j">nor</marc:subfield>
            <marc:subfield code="j">fin</marc:subfield>
        </marc:datafield>
        <marc:datafield tag="100" ind1="1" ind2=" ">
            <marc:subfield code="a">Brevig, Eric</marc:subfield>
            <marc:subfield code="4">drt</marc:subfield>
            <marc:subfield code="d">1957-</marc:subfield>
            <marc:subfield code="1">http://viaf.org/viaf/229220475</marc:subfield>
        </marc:datafield>
        <marc:datafield tag="240" ind1="1" ind2="0">
            <marc:subfield code="a"> Journey to the center of the Earth 3D (Motion picture)</marc:subfield>
            <marc:subfield code="1"> http://viaf.org/viaf/175156258</marc:subfield>
        </marc:datafield>
        <marc:datafield tag="245" ind1="1" ind2="0">
            <marc:subfield code="a">Reisen til jordens indre</marc:subfield>
            <marc:subfield code="c">regissert av Eric Brevig</marc:subfield>
        </marc:datafield>
        <marc:datafield tag="246" ind1="1" ind2=" ">
            <marc:subfield code="i">Originaltittel:</marc:subfield>
            <marc:subfield code="a">Journey to the center of the Earth</marc:subfield>
        </marc:datafield>
        <marc:datafield tag="264" ind1=" " ind2="1">
            <marc:subfield code="a">Oslo</marc:subfield>
            <marc:subfield code="b">New Line Cinema</marc:subfield>
            <marc:subfield code="c">[cop. 2008]</marc:subfield>
        </marc:datafield>
        <marc:datafield tag="300" ind1=" " ind2=" ">
            <marc:subfield code="a">2 plater (DVD) (88 min.)</marc:subfield>
            <marc:subfield code="b">lyd, kol</marc:subfield>
        </marc:datafield>
        <marc:datafield tag="336" ind1=" " ind2=" ">
            <marc:subfield code="a">two-dimensional moving image</marc:subfield>
            <marc:subfield code="b">tdi</marc:subfield>
            <marc:subfield code="2">rdacontent</marc:subfield>
        </marc:datafield>
        <marc:datafield tag="337" ind1=" " ind2=" ">
            <marc:subfield code="a">video</marc:subfield>
            <marc:subfield code="b">v</marc:subfield>
            <marc:subfield code="2">rdamedia</marc:subfield>
        </marc:datafield>
        <marc:datafield tag="338" ind1=" " ind2=" ">
            <marc:subfield code="a">videodisc</marc:subfield>
            <marc:subfield code="b">vd</marc:subfield>
            <marc:subfield code="2">rdacarrier</marc:subfield>
        </marc:datafield>
        <marc:datafield tag="380" ind1=" " ind2=" ">
            <marc:subfield code="a">Motion picture</marc:subfield>
        </marc:datafield>
        <marc:datafield tag="500" ind1=" " ind2=" ">
            <marc:subfield code="a">Produksjon: New Line Cinema, 2007</marc:subfield>
        </marc:datafield>
        <marc:datafield tag="500" ind1=" " ind2=" ">
            <marc:subfield code="a">Kodet for sone 2</marc:subfield>
        </marc:datafield>
        <marc:datafield tag="500" ind1=" " ind2=" ">
            <marc:subfield code="a">Inneholder 1 plate i 2D og en i 3D, samt 3D-briller.</marc:subfield>
        </marc:datafield>
        <marc:datafield tag="500" ind1=" " ind2=" ">
            <marc:subfield code="a">134434 : Medietilsynet</marc:subfield>
        </marc:datafield>
        <marc:datafield tag="546" ind1=" " ind2=" ">
            <marc:subfield code="a">Engelsk tale. Valgfrie undertekster på dansk, svensk, engelsk, norsk og finsk</marc:subfield>
        </marc:datafield>
        <marc:datafield tag="650" ind1=" " ind2="4">
            <marc:subfield code="a">fantasy</marc:subfield>
        </marc:datafield>
        <marc:datafield tag="700" ind1="1" ind2=" ">
            <marc:subfield code="a">Verne, Jules</marc:subfield>
            <marc:subfield code="e">author</marc:subfield>
            <marc:subfield code="d">1828-1905</marc:subfield>
            <marc:subfield code="1">http://viaf.org/viaf/76323989</marc:subfield>
        </marc:datafield>
        <marc:datafield tag="700" ind1="1" ind2="2">
            <marc:subfield code="a">Verne, Jules</marc:subfield>
            <marc:subfield code="e">author</marc:subfield>
            <marc:subfield code="d">1828-1905</marc:subfield>
            <marc:subfield code="i">http://rdaregistry.info/termList/RDATerms/1003</marc:subfield>
            <marc:subfield code="t">Voyage au centre de la terre</marc:subfield>
            <marc:subfield code="1">http://viaf.org/viaf/181861005</marc:subfield>
        </marc:datafield>
        <marc:datafield tag="700" ind1="1" ind2=" ">
            <marc:subfield code="a">Brevig, Eric</marc:subfield>
            <marc:subfield code="e">director</marc:subfield>
            <marc:subfield code="d">1957-</marc:subfield>
            <marc:subfield code="1">http://viaf.org/viaf/229220475</marc:subfield>
        </marc:datafield>
        <marc:datafield tag="700" ind1="1" ind2=" ">
            <marc:subfield code="a">Fraser, Brendan</marc:subfield>
            <marc:subfield code="e">actor</marc:subfield>
            <marc:subfield code="d">1968-</marc:subfield>
            <marc:subfield code="1">http://viaf.org/viaf/120278373</marc:subfield>
        </marc:datafield>
        <marc:datafield tag="700" ind1="1" ind2=" ">
            <marc:subfield code="a">Hutcherson, Josh</marc:subfield>
            <marc:subfield code="e">actor</marc:subfield>
            <marc:subfield code="d">1992-</marc:subfield>
            <marc:subfield code="1">http://viaf.org/viaf/95515195</marc:subfield>
        </marc:datafield>
        <marc:datafield tag="700" ind1="1" ind2=" ">
            <marc:subfield code="a">Briem, Anita</marc:subfield>
            <marc:subfield code="e">actor</marc:subfield>
            <marc:subfield code="d">1982-</marc:subfield>
            <marc:subfield code="1">http://viaf.org/viaf/95515148</marc:subfield>
        </marc:datafield>
    </marc:record>