
    <marc:record>
        <marc:leader>01516nmm a2200253 i 450 </marc:leader>
        <marc:controlfield tag="001">FRBNF456341200000007</marc:controlfield>
        <marc:controlfield tag="007">sd |||||||||||</marc:controlfield>
        <marc:datafield tag="020" ind1=" " ind2=" ">
            <marc:subfield code="a">9782090318760</marc:subfield>
        </marc:datafield>
        <marc:datafield tag="040" ind1=" " ind2=" ">
            <marc:subfield code="b">fre</marc:subfield>
            <marc:subfield code="e">rda</marc:subfield>
        </marc:datafield>
        <marc:datafield tag="041" ind1=" " ind2=" ">
            <marc:subfield code="a">fre</marc:subfield>
        </marc:datafield>
        <marc:datafield tag="100" ind1=" " ind2=" ">
            <marc:subfield code="a">Verne, Jules</marc:subfield>
            <marc:subfield code="4">aut</marc:subfield>
            <marc:subfield code="d">1828-1905</marc:subfield>
            <marc:subfield code="1">http://viaf.org/viaf/76323989</marc:subfield>
        </marc:datafield>
        <marc:datafield tag="240" ind1="1" ind2="0">
            <marc:subfield code="a"> Journey to the center of the Earth 3D (Motion picture)</marc:subfield>
            <marc:subfield code="1"> http://viaf.org/viaf/175156258</marc:subfield>
        </marc:datafield>
        <marc:datafield tag="245" ind1="1" ind2=" ">
            <marc:subfield code="a">Le tour du monde en 80 jours - Niveau 3/B1 </marc:subfield>
            <marc:subfield code="b">Multimédia multisupport</marc:subfield>
            <marc:subfield code="f">Jules Verne, auteur du texte</marc:subfield>
        </marc:datafield>
        <marc:datafield tag="264" ind1=" " ind2="0">
            <marc:subfield code="a">Paris CEDEX 13</marc:subfield>
            <marc:subfield code="c">CLE INTERNATIONAL S/C NATHAN-SEJER</marc:subfield>
            <marc:subfield code="d">2016.</marc:subfield>
        </marc:datafield>
        <marc:datafield tag="336" ind1=" " ind2=" ">
            <marc:subfield code="a">computer dataset</marc:subfield>
            <marc:subfield code="b">cod</marc:subfield>
            <marc:subfield code="2">rdacontent</marc:subfield>
        </marc:datafield>
        <marc:datafield tag="337" ind1=" " ind2=" ">
            <marc:subfield code="a">audio</marc:subfield>
            <marc:subfield code="b">s</marc:subfield>
            <marc:subfield code="2">rdamedia</marc:subfield>
        </marc:datafield>
        <marc:datafield tag="338" ind1=" " ind2=" ">
            <marc:subfield code="a">audio disc</marc:subfield>
            <marc:subfield code="b">sd</marc:subfield>
            <marc:subfield code="2">rdacarrier</marc:subfield>
        </marc:datafield>
        <marc:datafield tag="380" ind1=" " ind2=" ">
            <marc:subfield code="a">Audio book</marc:subfield>
        </marc:datafield>
        <marc:datafield tag="500" ind1=" " ind2=" ">
            <marc:subfield code="a">1 vol</marc:subfield>
        </marc:datafield>
        <marc:datafield tag="500" ind1=" " ind2=" ">
            <marc:subfield code="a">1 disque compact</marc:subfield>
        </marc:datafield>
        <marc:datafield tag="500" ind1="1" ind2=" ">
            <marc:subfield code="a">Découverte classique</marc:subfield>
        </marc:datafield>
        <marc:datafield tag="500" ind1=" " ind2=" ">
            <marc:subfield code="a">M. Phileas Fogg est un gentleman qui mène une vie tranquille à Londres, entre sa maison et le Reform-Club où il se rend tous les jours. Un après-midi, avec ses compagnons de jeu du CLub, il fait un étrange pari... celui de réaliser le tour du monde en quatre-vingt jours! Yparviendra-t-il? M. Phileas Fogg est un gentleman qui mène une vie tranquille à Londres, entre sa maison et le Reform-Club où il se rend tous les jours. Un après-midi, avec ses compagnons de jeu du CLub, il fait un étrange pari... celui de réaliser le tour du monde en quatre-vingt jours! Yparviendra-t-il?</marc:subfield>
            <marc:subfield code="2">éditeur</marc:subfield>
        </marc:datafield>
        <marc:datafield tag="650" ind1=" " ind2="4">
            <marc:subfield code="a">fantasy</marc:subfield>
        </marc:datafield>
        <marc:datafield tag="700" ind1="1" ind2=" ">
            <marc:subfield code="a">Verne, Jules</marc:subfield>
            <marc:subfield code="e">author</marc:subfield>
            <marc:subfield code="d">1828-1905</marc:subfield>
            <marc:subfield code="1">http://viaf.org/viaf/76323989</marc:subfield>
        </marc:datafield>
    </marc:record>