
    <marc:record>
        <marc:leader>02130nam a22002893i 4500</marc:leader>
        <marc:controlfield tag="001">8h4229h969b46294</marc:controlfield>
        <marc:controlfield tag="005">20180627122229.0</marc:controlfield>
        <marc:controlfield tag="007">cr |||||||||||</marc:controlfield>
        <marc:controlfield tag="008">180627s2018    xx |||||o|||||000 f|swe|d</marc:controlfield>
        <marc:datafield tag="020" ind1=" " ind2=" ">
            <marc:subfield code="a">9788711594377</marc:subfield>
        </marc:datafield>
        <marc:datafield tag="040" ind1=" " ind2=" ">
            <marc:subfield code="b">swe</marc:subfield>
            <marc:subfield code="e">rda</marc:subfield>
        </marc:datafield>
        <marc:datafield tag="041" ind1=" " ind2=" ">
            <marc:subfield code="a">swe</marc:subfield>
        </marc:datafield>
        <marc:datafield tag="100" ind1="1" ind2=" ">
            <marc:subfield code="a">Verne, Jules</marc:subfield>
            <marc:subfield code="4">aut</marc:subfield>
            <marc:subfield code="d">1828-1905</marc:subfield>
            <marc:subfield code="1">http://viaf.org/viaf/76323989</marc:subfield>
        </marc:datafield>
        <marc:datafield tag="240" ind1="1" ind2="0">
            <marc:subfield code="a">Verne, Jules, 1828-1905. | Voyage au centre de la terre</marc:subfield>
            <marc:subfield code="1">http://viaf.org/viaf/181861005</marc:subfield>
        </marc:datafield>
        <marc:datafield tag="245" ind1="1" ind2="0">
            <marc:subfield code="a">Till jordens medelpunkt</marc:subfield>
            <marc:subfield code="c">Verne, Jules</marc:subfield>
        </marc:datafield>
        <marc:datafield tag="264" ind1=" " ind2="1">
            <marc:subfield code="b">Saga Egmont</marc:subfield>
            <marc:subfield code="c">2018</marc:subfield>
        </marc:datafield>
        <marc:datafield tag="336" ind1=" " ind2=" ">
            <marc:subfield code="a">text</marc:subfield>
            <marc:subfield code="b">txt</marc:subfield>
            <marc:subfield code="2">rdacontent</marc:subfield>
        </marc:datafield>
        <marc:datafield tag="337" ind1=" " ind2=" ">
            <marc:subfield code="a">computer</marc:subfield>
            <marc:subfield code="b">c</marc:subfield>
            <marc:subfield code="2">rdamedia</marc:subfield>
        </marc:datafield>
        <marc:datafield tag="338" ind1=" " ind2=" ">
            <marc:subfield code="a">online resource</marc:subfield>
            <marc:subfield code="b">cr</marc:subfield>
            <marc:subfield code="2">rdacarrier</marc:subfield>
        </marc:datafield>
        <marc:datafield tag="380" ind1=" " ind2=" ">
            <marc:subfield code="a">Electronic text</marc:subfield>
        </marc:datafield>
        <marc:datafield tag="520" ind1=" " ind2=" ">
            <marc:subfield code="a">Den tyske professorn Lidenbrock och hans brorson Axel och deras guide Hans ger sig ivg̃ p ̄en ṽentyrlig fr̃d kantad av strapatser mot jordens medelpunkt. Professorn har hittat anteckningar p ̄runskrift som beskriver hur man kan ta sig till jordens medelpunkt via en inaktiv vulkan p ̄Island vid namn Snf̆ellsjk̲ull.Jules Vernes sci-fi-klassiker om den farofyllda resan mot jordens medelpunkt kom ut fr̲sta gn̄gen 1864. Verne var otroligt produktiv och populr̃ under sin samtid och hans ṽentyrsromaner med science-fictioninslag hittar stñdigt nya ls̃are.I originalv̲erst̃tning av Hugo HultenbergJules Verne (1828-1905) r̃ en av vr̃ldslitteraturens stora bert̃tare. Med romaner som Jorden runt p ̄80 dagar och En vr̃ldsomsegling under havet har han i v̲er hundra r̄ trollbundit ls̃are i alla l̄drar. Han anses idag med sitt nyfikna utforskande av den vetenskapliga utvecklingens pv̄erkan p ̄mñniskan ha varit en av fr̲grundsgestalterna till den moderna science fiction-genren. [Elib]</marc:subfield>
        </marc:datafield>
        <marc:datafield tag="650" ind1=" " ind2="4">
            <marc:subfield code="a">fantasy</marc:subfield>
        </marc:datafield>
        <marc:datafield tag="700" ind1="1" ind2=" ">
            <marc:subfield code="a">Verne, Jules</marc:subfield>
            <marc:subfield code="e">author</marc:subfield>
            <marc:subfield code="d">1828-1905</marc:subfield>
            <marc:subfield code="1">http://viaf.org/viaf/76323989</marc:subfield>
        </marc:datafield>
        <marc:datafield tag="856" ind1="4" ind2="2">
            <marc:subfield code="u">https://images.elib.se/cover/1072261/1072261_201806111920.jpg</marc:subfield>
            <marc:subfield code="x">digipic</marc:subfield>
            <marc:subfield code="z">Omslagsbild</marc:subfield>
        </marc:datafield>
        <marc:datafield tag="856" ind1="4" ind2="2">
            <marc:subfield code="5">HibE</marc:subfield>
            <marc:subfield code="u">http://hb.elib.se/Books/Details/1072261</marc:subfield>
            <marc:subfield code="x">origin:Elib</marc:subfield>
        </marc:datafield>
        <marc:datafield tag="856" ind1="4" ind2="2">
            <marc:subfield code="5">MoE</marc:subfield>
            <marc:subfield code="u">http://malmo.elib.se/Books/Details/1072261</marc:subfield>
            <marc:subfield code="x">origin:Elib</marc:subfield>
        </marc:datafield>
        <marc:datafield tag="856" ind1="4" ind2="2">
            <marc:subfield code="5">Nyks</marc:subfield>
            <marc:subfield code="u">http://sormland.elib.se/Books/Details/1072261</marc:subfield>
            <marc:subfield code="x">origin:Elib</marc:subfield>
        </marc:datafield>
    </marc:record>