
    <marc:record>
        <marc:leader>01421ccm a22002894i 4500</marc:leader>
        <marc:controlfield tag="001">18498644</marc:controlfield>
        <marc:controlfield tag="005">20150223125300.0</marc:controlfield>
        <marc:controlfield tag="007">si |||||||||||</marc:controlfield>
        <marc:controlfield tag="008">150220s1936    ru mpc|        n  | ruso </marc:controlfield>
        <marc:datafield tag="040" ind1=" " ind2=" ">
            <marc:subfield code="a">DLC</marc:subfield>
            <marc:subfield code="b">rus</marc:subfield>
            <marc:subfield code="e">rda</marc:subfield>
            <marc:subfield code="c">DLC</marc:subfield>
        </marc:datafield>
        <marc:datafield tag="041" ind1=" " ind2=" ">
            <marc:subfield code="a">rus</marc:subfield>
        </marc:datafield>
        <marc:datafield tag="100" ind1="1" ind2=" ">
            <marc:subfield code="a">Dunaevskiĭ, Isaak Osipovich</marc:subfield>
            <marc:subfield code="4">cmp</marc:subfield>
            <marc:subfield code="d">1900-1955</marc:subfield>
            <marc:subfield code="1">http://viaf.org/viaf/24796106</marc:subfield>
        </marc:datafield>
        <marc:datafield tag="240" ind1="1" ind2="0">
            <marc:subfield code="a">Verne, Jules, 1828-1905. | Enfants du capitaine grant : voyage autour du monde</marc:subfield>
            <marc:subfield code="1">http://viaf.org/viaf/177366800</marc:subfield>
        </marc:datafield>
        <marc:datafield tag="245" ind1="1" ind2="0">
            <marc:subfield code="a">Dve pesenki iz filʹma "Deti kapitana Granta"</marc:subfield>
            <marc:subfield code="c">slova V. Lebedeva-Kumacha ; I. Dunaevskiĭ</marc:subfield>
        </marc:datafield>
        <marc:datafield tag="264" ind1=" " ind2="1">
            <marc:subfield code="a">Moskva :</marc:subfield>
            <marc:subfield code="b">Muzgiz</marc:subfield>
            <marc:subfield code="c">1936</marc:subfield>
        </marc:datafield>
        <marc:datafield tag="300" ind1=" " ind2=" ">
            <marc:subfield code="a">1 vocal score (11s)</marc:subfield>
            <marc:subfield code="c">31cm</marc:subfield>
        </marc:datafield>
        <marc:datafield tag="336" ind1=" " ind2=" ">
            <marc:subfield code="a">notated music</marc:subfield>
            <marc:subfield code="b">ntm</marc:subfield>
            <marc:subfield code="2">rdacontent</marc:subfield>
        </marc:datafield>
        <marc:datafield tag="337" ind1=" " ind2=" ">
            <marc:subfield code="a">projected</marc:subfield>
            <marc:subfield code="b">g</marc:subfield>
            <marc:subfield code="2">rdamedia</marc:subfield>
        </marc:datafield>
        <marc:datafield tag="338" ind1=" " ind2=" ">
            <marc:subfield code="a">other</marc:subfield>
            <marc:subfield code="b">mz</marc:subfield>
            <marc:subfield code="2">rdacarrier</marc:subfield>
        </marc:datafield>
        <marc:datafield tag="380" ind1=" " ind2=" ">
            <marc:subfield code="a">Music</marc:subfield>
        </marc:datafield>
        <marc:datafield tag="500" ind1=" " ind2=" ">
            <marc:subfield code="a">Excerpts from the motion picture music; originally for voice and orchestra, accompaniment arranged for piano</marc:subfield>
        </marc:datafield>
        <marc:datafield tag="600" ind1="1" ind2=" ">
            <marc:subfield code="a">Verne, Jules</marc:subfield>
            <marc:subfield code="e">aut</marc:subfield>
            <marc:subfield code="d">1828-1905</marc:subfield>
            <marc:subfield code="1">http://viaf.org/viaf/76323989</marc:subfield>
        </marc:datafield>
        <marc:datafield tag="650" ind1=" " ind2="0">
            <marc:subfield code="a">Motion picture music</marc:subfield>
            <marc:subfield code="v">Excerpts</marc:subfield>
            <marc:subfield code="v">Vocal scores with piano</marc:subfield>
        </marc:datafield>
        <marc:datafield tag="650" ind1=" " ind2="4">
            <marc:subfield code="a">fantasy</marc:subfield>
        </marc:datafield>
        <marc:datafield tag="700" ind1="1" ind2=" ">
            <marc:subfield code="a">Dunaevskiĭ, Isaak Osipovich</marc:subfield>
            <marc:subfield code="e">composer</marc:subfield>
            <marc:subfield code="d">1900-1955</marc:subfield>
            <marc:subfield code="1">http://viaf.org/viaf/24796106</marc:subfield>
        </marc:datafield>
        <marc:datafield tag="700" ind1="1" ind2=" ">
            <marc:subfield code="a">Lebedev-Kumach, Vasiliĭ</marc:subfield>
            <marc:subfield code="e">lyrics by</marc:subfield>
            <marc:subfield code="d">1898-1949</marc:subfield>
            <marc:subfield code="e">lyricist</marc:subfield>
            <marc:subfield code="1">http://viaf.org/viaf/51294508</marc:subfield>
        </marc:datafield>
        <marc:datafield tag="700" ind1="1" ind2="2">
            <marc:subfield code="a">Verne, Jules</marc:subfield>
            <marc:subfield code="e">author</marc:subfield>
            <marc:subfield code="d">1828-1905</marc:subfield>
            <marc:subfield code="i">http://rdaregistry.info/termList/RDATerms/1003</marc:subfield>
            <marc:subfield code="i">Enfants du capitaine Grant</marc:subfield>
            <marc:subfield code="1">http://viaf.org/viaf/177366800</marc:subfield>
        </marc:datafield>
    </marc:record>