
    <marc:record>
        <marc:leader>01412cam a2200337 i 4500</marc:leader>
        <marc:controlfield tag="001">14640397</marc:controlfield>
        <marc:controlfield tag="005">20131205093555.0</marc:controlfield>
        <marc:controlfield tag="007">k| |||</marc:controlfield>
        <marc:controlfield tag="008">061120s2007    wiua          000 c eng  </marc:controlfield>
        <marc:datafield tag="020" ind1=" " ind2=" ">
            <marc:subfield code="a">9780836879278</marc:subfield>
            <marc:subfield code="q">lib. bdg.</marc:subfield>
        </marc:datafield>
        <marc:datafield tag="020" ind1=" " ind2=" ">
            <marc:subfield code="a">9780836879346</marc:subfield>
            <marc:subfield code="q">pbk.</marc:subfield>
        </marc:datafield>
        <marc:datafield tag="040" ind1=" " ind2=" ">
            <marc:subfield code="a">DLC</marc:subfield>
            <marc:subfield code="b">eng</marc:subfield>
            <marc:subfield code="c">DLC</marc:subfield>
            <marc:subfield code="d">DLC</marc:subfield>
            <marc:subfield code="e">rda</marc:subfield>
        </marc:datafield>
        <marc:datafield tag="041" ind1=" " ind2=" ">
            <marc:subfield code="a">eng</marc:subfield>
        </marc:datafield>
        <marc:datafield tag="110" ind1="1" ind2=" ">
            <marc:subfield code="a">World Almanac</marc:subfield>
            <marc:subfield code="4">pbl</marc:subfield>
            <marc:subfield code="1">http://viaf.org/viaf/138567465</marc:subfield>
        </marc:datafield>
        <marc:datafield tag="245" ind1="0" ind2="0">
            <marc:subfield code="a">Historical adventure</marc:subfield>
        </marc:datafield>
        <marc:datafield tag="250" ind1=" " ind2=" ">
            <marc:subfield code="a">North American ed.; U.S. ed.</marc:subfield>
        </marc:datafield>
        <marc:datafield tag="264" ind1=" " ind2="1">
            <marc:subfield code="a">Milwaukee, Wis. </marc:subfield>
            <marc:subfield code="b">World Almanac Library</marc:subfield>
            <marc:subfield code="c">2007</marc:subfield>
        </marc:datafield>
        <marc:datafield tag="300" ind1=" " ind2=" ">
            <marc:subfield code="a">56s</marc:subfield>
            <marc:subfield code="b">ill, col</marc:subfield>
            <marc:subfield code="c">27cm</marc:subfield>
        </marc:datafield>
        <marc:datafield tag="336" ind1=" " ind2=" ">
            <marc:subfield code="a">text</marc:subfield>
            <marc:subfield code="b">txt</marc:subfield>
            <marc:subfield code="2">rdacontent</marc:subfield>
        </marc:datafield>
        <marc:datafield tag="337" ind1=" " ind2=" ">
            <marc:subfield code="a">unmediated</marc:subfield>
            <marc:subfield code="b">n</marc:subfield>
            <marc:subfield code="2">rdamedia</marc:subfield>
        </marc:datafield>
        <marc:datafield tag="338" ind1=" " ind2=" ">
            <marc:subfield code="a">volume</marc:subfield>
            <marc:subfield code="b">nc</marc:subfield>
            <marc:subfield code="2">rdacarrier</marc:subfield>
        </marc:datafield>
        <marc:datafield tag="380" ind1=" " ind2=" ">
            <marc:subfield code="a">Novel collection</marc:subfield>
        </marc:datafield>
        <marc:datafield tag="500" ind1=" " ind2=" ">
            <marc:subfield code="a">Adaptations originally published in Boy's life magazine, 1999-2007</marc:subfield>
        </marc:datafield>
        <marc:datafield tag="650" ind1=" " ind2="4">
            <marc:subfield code="a">fantasy</marc:subfield>
        </marc:datafield>
        <marc:datafield tag="700" ind1="1" ind2="2">
            <marc:subfield code="a">Twain, Mark</marc:subfield>
            <marc:subfield code="e">author</marc:subfield>
            <marc:subfield code="d">1835-1910</marc:subfield>
            <marc:subfield code="i">Connecticut Yankee in King Arthur's court</marc:subfield>
            <marc:subfield code="1">http://viaf.org/viaf/176284998</marc:subfield>
        </marc:datafield>
        <marc:datafield tag="700" ind1="1" ind2="2">
            <marc:subfield code="a">Verne, Jules</marc:subfield>
            <marc:subfield code="e">author</marc:subfield>
            <marc:subfield code="d">1828-1905</marc:subfield>
            <marc:subfield code="i">Tour du monde en quatre-vingts jours</marc:subfield>
            <marc:subfield code="1">http://viaf.org/viaf/174954981</marc:subfield>
        </marc:datafield>
        <marc:datafield tag="700" ind1="1" ind2="2">
            <marc:subfield code="a">Hope, Anthony</marc:subfield>
            <marc:subfield code="e">author</marc:subfield>
            <marc:subfield code="d">1863-1933</marc:subfield>
            <marc:subfield code="i">Prisoner of Zenda</marc:subfield>
            <marc:subfield code="1">http://viaf.org/viaf/182631629</marc:subfield>
        </marc:datafield>
        <marc:datafield tag="700" ind1="1" ind2="2">
            <marc:subfield code="a">Barker, Henry</marc:subfield>
            <marc:subfield code="e">adapter</marc:subfield>
            <marc:subfield code="d">1949-</marc:subfield>
            <marc:subfield code="t">Connecticut Yankee in King Arthur's court</marc:subfield>
        </marc:datafield>
        <marc:datafield tag="700" ind1="1" ind2="2">
            <marc:subfield code="a">Lowry, Shannon</marc:subfield>
            <marc:subfield code="e">adapter</marc:subfield>
            <marc:subfield code="t">Around the world in 80 days</marc:subfield>
        </marc:datafield>
        <marc:datafield tag="700" ind1="1" ind2="2">
            <marc:subfield code="a">Barker, Henry</marc:subfield>
            <marc:subfield code="e">adapter</marc:subfield>
            <marc:subfield code="d">1949-</marc:subfield>
            <marc:subfield code="t">Prisoner of Zenda</marc:subfield>
        </marc:datafield>
        <marc:datafield tag="700" ind1="1" ind2=" ">
            <marc:subfield code="a">Spiegle, Dan</marc:subfield>
            <marc:subfield code="1">http://viaf.org/viaf/11310101</marc:subfield>
        </marc:datafield>
    </marc:record>