
    <marc:record>
        <marc:leader>00812cam a22002053i 450 </marc:leader>
        <marc:controlfield tag="001">FRBNF332140650000000</marc:controlfield>
        <marc:controlfield tag="007">ta</marc:controlfield>
        <marc:datafield tag="041" ind1=" " ind2=" ">
            <marc:subfield code="a">fre</marc:subfield>
        </marc:datafield>
        <marc:datafield tag="100" ind1=" " ind2=" ">
            <marc:subfield code="a">Verne, Jules</marc:subfield>
            <marc:subfield code="4">aut</marc:subfield>
            <marc:subfield code="d">1828-1905</marc:subfield>
            <marc:subfield code="1">http://viaf.org/viaf/76323989</marc:subfield>
        </marc:datafield>
        <marc:datafield tag="240" ind1="1" ind2="0">
            <marc:subfield code="a"> Verne, Jules, 1828-1905. | Michel Strogoff</marc:subfield>
            <marc:subfield code="1">http://viaf.org/viaf/312335367</marc:subfield>
        </marc:datafield>
        <marc:datafield tag="245" ind1="1" ind2=" ">
            <marc:subfield code="a">Le Triomphe de Michel Strogoff. Illustrations de François Batet</marc:subfield>
            <marc:subfield code="b">Texte imprimé</marc:subfield>
            <marc:subfield code="f">Jean Jules Verne</marc:subfield>
        </marc:datafield>
        <marc:datafield tag="264" ind1=" " ind2="1">
            <marc:subfield code="a">[Paris,]</marc:subfield>
            <marc:subfield code="c">[Hachette]</marc:subfield>
            <marc:subfield code="d">1967</marc:subfield>
        </marc:datafield>
        <marc:datafield tag="300" ind1=" " ind2=" ">
            <marc:subfield code="a">In-16 (17 cm), 250 p., ill., pl. en coul., cart. ill. en coul. 2,95 F. [D. L. 20385-67]</marc:subfield>
        </marc:datafield>
        <marc:datafield tag="336" ind1=" " ind2=" ">
            <marc:subfield code="a">text</marc:subfield>
            <marc:subfield code="b">txt</marc:subfield>
            <marc:subfield code="2">rdacontent</marc:subfield>
        </marc:datafield>
        <marc:datafield tag="337" ind1=" " ind2=" ">
            <marc:subfield code="a">unmediated</marc:subfield>
            <marc:subfield code="b">n</marc:subfield>
            <marc:subfield code="2">rdamedia</marc:subfield>
        </marc:datafield>
        <marc:datafield tag="338" ind1=" " ind2=" ">
            <marc:subfield code="a">volume</marc:subfield>
            <marc:subfield code="b">nc</marc:subfield>
            <marc:subfield code="2">rdacarrier</marc:subfield>
        </marc:datafield>
        <marc:datafield tag="380" ind1=" " ind2=" ">
            <marc:subfield code="a">Fiction</marc:subfield>
        </marc:datafield>
        <marc:datafield tag="500" ind1=" " ind2=" ">
            <marc:subfield code="a">Bibliothèque verte. 340</marc:subfield>
        </marc:datafield>
        <marc:datafield tag="650" ind1=" " ind2="4">
            <marc:subfield code="a">fantasy</marc:subfield>
        </marc:datafield>
        <marc:datafield tag="700" ind1="1" ind2=" ">
            <marc:subfield code="a">Verne, Jules</marc:subfield>
            <marc:subfield code="e">author</marc:subfield>
            <marc:subfield code="d">1828-1905</marc:subfield>
            <marc:subfield code="1">http://viaf.org/viaf/76323989</marc:subfield>
        </marc:datafield>
    </marc:record>