
    <marc:record>
        <marc:leader>01024cam a2200265 i 450 </marc:leader>
        <marc:controlfield tag="001">FRBNF361667380000001</marc:controlfield>
        <marc:controlfield tag="007">ta</marc:controlfield>
        <marc:datafield tag="020" ind1=" " ind2="0">
            <marc:subfield code="a">9782841420421</marc:subfield>
            <marc:subfield code="2">ALS</marc:subfield>
        </marc:datafield>
        <marc:datafield tag="041" ind1=" " ind2=" ">
            <marc:subfield code="a">fre</marc:subfield>
        </marc:datafield>
        <marc:datafield tag="100" ind1="1" ind2=" ">
            <marc:subfield code="a">Verne, Jules</marc:subfield>
            <marc:subfield code="4">aut</marc:subfield>
            <marc:subfield code="d">1828-1905</marc:subfield>
            <marc:subfield code="1">http://viaf.org/viaf/76323989</marc:subfield>
        </marc:datafield>
        <marc:datafield tag="240" ind1="1" ind2="0">
            <marc:subfield code="a">Verne, Jules, 1828-1905. | Secret de wilhelm storitz</marc:subfield>
            <marc:subfield code="1">http://viaf.org/viaf/183647198</marc:subfield>
        </marc:datafield>
        <marc:datafield tag="245" ind1="1" ind2=" ">
            <marc:subfield code="a">Le secret de Wilhelm Storitz</marc:subfield>
            <marc:subfield code="b">Texte imprimé</marc:subfield>
            <marc:subfield code="e">roman posthume</marc:subfield>
            <marc:subfield code="f">Jules Verne</marc:subfield>
            <marc:subfield code="g">texte remanié par Michel Verne</marc:subfield>
        </marc:datafield>
        <marc:datafield tag="264" ind1=" " ind2="1">
            <marc:subfield code="a">Toulouse</marc:subfield>
            <marc:subfield code="c">Éd. Ombres</marc:subfield>
            <marc:subfield code="d">1996</marc:subfield>
        </marc:datafield>
        <marc:datafield tag="264" ind1=" " ind2="3">
            <marc:subfield code="a">(46-Cahors</marc:subfield>
            <marc:subfield code="c">[Impr. France-Quercy)]</marc:subfield>
        </marc:datafield>
        <marc:datafield tag="300" ind1=" " ind2=" ">
            <marc:subfield code="a">220 p.</marc:subfield>
            <marc:subfield code="c">couv</marc:subfield>
            <marc:subfield code="b">ill. en coul</marc:subfield>
            <marc:subfield code="d">17 cm</marc:subfield>
        </marc:datafield>
        <marc:datafield tag="336" ind1=" " ind2=" ">
            <marc:subfield code="a">text</marc:subfield>
            <marc:subfield code="b">txt</marc:subfield>
            <marc:subfield code="2">rdacontent</marc:subfield>
        </marc:datafield>
        <marc:datafield tag="337" ind1=" " ind2=" ">
            <marc:subfield code="a">unmediated</marc:subfield>
            <marc:subfield code="b">n</marc:subfield>
            <marc:subfield code="2">rdamedia</marc:subfield>
        </marc:datafield>
        <marc:datafield tag="338" ind1=" " ind2=" ">
            <marc:subfield code="a">volume</marc:subfield>
            <marc:subfield code="b">nc</marc:subfield>
            <marc:subfield code="2">rdacarrier</marc:subfield>
        </marc:datafield>
        <marc:datafield tag="380" ind1=" " ind2=" ">
            <marc:subfield code="a">Novel</marc:subfield>
        </marc:datafield>
        <marc:datafield tag="500" ind1="1" ind2="9">
            <marc:subfield code="a">Les voyages extraordinaires</marc:subfield>
        </marc:datafield>
        <marc:datafield tag="500" ind1="|" ind2=" ">
            <marc:subfield code="a">Petite bibliothèque Ombres</marc:subfield>
            <marc:subfield code="v">79</marc:subfield>
        </marc:datafield>
        <marc:datafield tag="500" ind1=" " ind2=" ">
            <marc:subfield code="a">Bibliogr., 3 p.</marc:subfield>
        </marc:datafield>
        <marc:datafield tag="650" ind1=" " ind2="4">
            <marc:subfield code="a">fantasy</marc:subfield>
        </marc:datafield>
        <marc:datafield tag="700" ind1="1" ind2=" ">
            <marc:subfield code="a">Verne, Michel</marc:subfield>
            <marc:subfield code="e">editor</marc:subfield>
            <marc:subfield code="d">1861-1925</marc:subfield>
            <marc:subfield code="1">http://viaf.org/viaf/76448105</marc:subfield>
        </marc:datafield>
        <marc:datafield tag="700" ind1="1" ind2=" ">
            <marc:subfield code="a">Verne, Jules</marc:subfield>
            <marc:subfield code="e">author</marc:subfield>
            <marc:subfield code="d">1828-1905</marc:subfield>
            <marc:subfield code="1">http://viaf.org/viaf/76323989</marc:subfield>
        </marc:datafield>
    </marc:record>