
    <marc:record>
        <marc:leader>01337nam a22002653i 450 </marc:leader>
        <marc:controlfield tag="001">FRBNF315623670000005</marc:controlfield>
        <marc:controlfield tag="007">ta</marc:controlfield>
        <marc:datafield tag="041" ind1=" " ind2=" ">
            <marc:subfield code="a">fre</marc:subfield>
        </marc:datafield>
        <marc:datafield tag="100" ind1=" " ind2=" ">
            <marc:subfield code="a">Gille, Philippe</marc:subfield>
        </marc:datafield>
        <marc:datafield tag="100" ind1=" " ind2=" ">
            <marc:subfield code="a">Mortier, Arnold</marc:subfield>
            <marc:subfield code="4">cre</marc:subfield>
            <marc:subfield code="d">1843-1925</marc:subfield>
            <marc:subfield code="1">http://viaf.org/viaf/210232492</marc:subfield>
        </marc:datafield>
        <marc:datafield tag="240" ind1="1" ind2="0">
            <marc:subfield code="a">Docteur Ox operetė</marc:subfield>
            <marc:subfield code="1">http://viaf.org/viaf/385154380946030291068</marc:subfield>
        </marc:datafield>
        <marc:datafield tag="245" ind1="1" ind2=" ">
            <marc:subfield code="a">Le Docteur Ox, opéra-bouffe en 3 actes et 6 tableaux, tiré du roman de Jules Verne, par Philippe Gille et Arnold Mortier. Musique de Jacques Offenbach. [Paris, Variétés, 26 janvier 1877.] Publié avec l'autorisation de l'auteur et de l'éditeur, M. J. Hetzel</marc:subfield>
            <marc:subfield code="b">Texte imprimé</marc:subfield>
        </marc:datafield>
        <marc:datafield tag="264" ind1=" " ind2="1">
            <marc:subfield code="a">Paris</marc:subfield>
            <marc:subfield code="c">[Choudens père et fils]</marc:subfield>
            <marc:subfield code="d">(1877)</marc:subfield>
        </marc:datafield>
        <marc:datafield tag="300" ind1=" " ind2=" ">
            <marc:subfield code="a">In-18, IV-130 p</marc:subfield>
        </marc:datafield>
        <marc:datafield tag="336" ind1=" " ind2=" ">
            <marc:subfield code="a">text</marc:subfield>
            <marc:subfield code="b">txt</marc:subfield>
            <marc:subfield code="2">rdacontent</marc:subfield>
        </marc:datafield>
        <marc:datafield tag="337" ind1=" " ind2=" ">
            <marc:subfield code="a">unmediated</marc:subfield>
            <marc:subfield code="b">n</marc:subfield>
            <marc:subfield code="2">rdamedia</marc:subfield>
        </marc:datafield>
        <marc:datafield tag="338" ind1=" " ind2=" ">
            <marc:subfield code="a">volume</marc:subfield>
            <marc:subfield code="b">nc</marc:subfield>
            <marc:subfield code="2">rdacarrier</marc:subfield>
        </marc:datafield>
        <marc:datafield tag="380" ind1=" " ind2=" ">
            <marc:subfield code="a">Opera</marc:subfield>
        </marc:datafield>
        <marc:datafield tag="650" ind1=" " ind2="0">
            <marc:subfield code="a">opera</marc:subfield>
        </marc:datafield>
        <marc:datafield tag="650" ind1=" " ind2="4">
            <marc:subfield code="a">fantasy</marc:subfield>
        </marc:datafield>
        <marc:datafield tag="700" ind1="1" ind2=" ">
            <marc:subfield code="a">Mortier, Arnold</marc:subfield>
            <marc:subfield code="e">creator</marc:subfield>
            <marc:subfield code="1">843-1925</marc:subfield>
            <marc:subfield code="1">http://viaf.org/viaf/210232492</marc:subfield>
        </marc:datafield>
        <marc:datafield tag="700" ind1="1" ind2=" ">
            <marc:subfield code="a">Gille, Philippe</marc:subfield>
            <marc:subfield code="e">creator</marc:subfield>
            <marc:subfield code="d">1831-1901</marc:subfield>
            <marc:subfield code="h">ttp://viaf.org/viaf/36965543</marc:subfield>
        </marc:datafield>
        <marc:datafield tag="700" ind1="1" ind2=" ">
            <marc:subfield code="a">Offenbach, Jacques</marc:subfield>
            <marc:subfield code="e">compiler</marc:subfield>
            <marc:subfield code="d">1819-1880</marc:subfield>
            <marc:subfield code="1">http://viaf.org/viaf/10034167</marc:subfield>
        </marc:datafield>
        <marc:datafield tag="700" ind1="1" ind2=" ">
            <marc:subfield code="a">Verne, Jules</marc:subfield>
            <marc:subfield code="e">author</marc:subfield>
            <marc:subfield code="d">1828-1905</marc:subfield>
            <marc:subfield code="1">http://viaf.org/viaf/76323989</marc:subfield>
        </marc:datafield>
        <marc:datafield tag="700" ind1="1" ind2="2">
            <marc:subfield code="a">Verne, Jules</marc:subfield>
            <marc:subfield code="e">author</marc:subfield>
            <marc:subfield code="d">1828-1905</marc:subfield>
            <marc:subfield code="i">http://rdaregistry.info/termList/RDATerms/1003</marc:subfield>
            <marc:subfield code="t">Le Docteur Ox</marc:subfield>
            <marc:subfield code="1">http://viaf.org/viaf/309322691</marc:subfield>
        </marc:datafield>
    </marc:record>