
    <marc:record>
        <marc:leader>01160nam a22002413i 450 </marc:leader>
        <marc:controlfield tag="001">FRBNF315625170000004</marc:controlfield>
        <marc:controlfield tag="007">ta</marc:controlfield>
        <marc:datafield tag="041" ind1=" " ind2=" ">
            <marc:subfield code="a">fre</marc:subfield>
        </marc:datafield>
        <marc:datafield tag="100" ind1=" " ind2=" ">
            <marc:subfield code="a">Varna, Henri</marc:subfield>
            <marc:subfield code="4">cre</marc:subfield>
            <marc:subfield code="d">1887-1969</marc:subfield>
            <marc:subfield code="1">http://viaf.org/viaf/27329711</marc:subfield>
        </marc:datafield>
        <marc:datafield tag="240" ind1="1" ind2="0">
            <marc:subfield code="a"> Verne, Jules, 1828-1905. | Michel Strogoff</marc:subfield>
            <marc:subfield code="1">http://viaf.org/viaf/312335367</marc:subfield>
        </marc:datafield>
        <marc:datafield tag="245" ind1="1" ind2=" ">
            <marc:subfield code="a">Michel Strogoff, opérette à grand spectacle en 2 actes et 18 tableaux. Livret de Henri Varna, Marc-Cab et René Richard, d'après Jules Verne et A. d'Ennery. Musique de Jack Ledru. [Paris, Théâtre Mogador, 5 décembre 1964.]</marc:subfield>
            <marc:subfield code="b">Texte imprimé</marc:subfield>
        </marc:datafield>
        <marc:datafield tag="264" ind1=" " ind2="1">
            <marc:subfield code="a">Paris</marc:subfield>
            <marc:subfield code="c">Joubert</marc:subfield>
            <marc:subfield code="d">1965</marc:subfield>
        </marc:datafield>
        <marc:datafield tag="300" ind1=" " ind2=" ">
            <marc:subfield code="a">In-16, 128 p</marc:subfield>
        </marc:datafield>
        <marc:datafield tag="336" ind1=" " ind2=" ">
            <marc:subfield code="a">text</marc:subfield>
            <marc:subfield code="b">txt</marc:subfield>
            <marc:subfield code="2">rdacontent</marc:subfield>
        </marc:datafield>
        <marc:datafield tag="337" ind1=" " ind2=" ">
            <marc:subfield code="a">unmediated</marc:subfield>
            <marc:subfield code="b">n</marc:subfield>
            <marc:subfield code="2">rdamedia</marc:subfield>
        </marc:datafield>
        <marc:datafield tag="338" ind1=" " ind2=" ">
            <marc:subfield code="a">volume</marc:subfield>
            <marc:subfield code="b">nc</marc:subfield>
            <marc:subfield code="2">rdacarrier</marc:subfield>
        </marc:datafield>
        <marc:datafield tag="380" ind1=" " ind2=" ">
            <marc:subfield code="a">Opera</marc:subfield>
        </marc:datafield>
        <marc:datafield tag="650" ind1=" " ind2="0">
            <marc:subfield code="a">opera</marc:subfield>
        </marc:datafield>
        <marc:datafield tag="650" ind1=" " ind2="4">
            <marc:subfield code="a">fantasy</marc:subfield>
        </marc:datafield>
        <marc:datafield tag="700" ind1="1" ind2=" ">
            <marc:subfield code="a">Ledru, Jack</marc:subfield>
            <marc:subfield code="c">ompiler</marc:subfield>
            <marc:subfield code="d">1922-</marc:subfield>
            <marc:subfield code="1">http://viaf.org/viaf/2667945</marc:subfield>
        </marc:datafield>
        <marc:datafield tag="700" ind1="1" ind2=" ">
            <marc:subfield code="a">Varna, Henri</marc:subfield>
            <marc:subfield code="e">creator</marc:subfield>
            <marc:subfield code="d">1887-1969</marc:subfield>
            <marc:subfield code="1">http://viaf.org/viaf/27329711</marc:subfield>
        </marc:datafield>
        <marc:datafield tag="700" ind1="1" ind2=" ">
            <marc:subfield code="a">Verne, Jules</marc:subfield>
            <marc:subfield code="e">author</marc:subfield>
            <marc:subfield code="d">1828-1905</marc:subfield>
            <marc:subfield code="1">http://viaf.org/viaf/76323989</marc:subfield>
        </marc:datafield>
        <marc:datafield tag="700" ind1="1" ind2="2">
            <marc:subfield code="a">Verne, Jules</marc:subfield>
            <marc:subfield code="e">author</marc:subfield>
            <marc:subfield code="d">1828-1905</marc:subfield>
            <marc:subfield code="i">http://rdaregistry.info/termList/RDATerms/1003</marc:subfield>
            <marc:subfield code="t">Michel Strogoff</marc:subfield>
            <marc:subfield code="1">http://viaf.org/viaf/312335367</marc:subfield>
        </marc:datafield>
    </marc:record>