
    <marc:record>
        <marc:leader>02412ngm a2200433 i 4500</marc:leader>
        <marc:controlfield tag="001">a6039089</marc:controlfield>
        <marc:controlfield tag="005">20171019000000.5</marc:controlfield>
        <marc:controlfield tag="007">vd csaizq</marc:controlfield>
        <marc:controlfield tag="008">171018s2016    sp 094 g          vlspa  </marc:controlfield>
        <marc:datafield tag="040" ind1=" " ind2=" ">
            <marc:subfield code="a">SpMaBN</marc:subfield>
            <marc:subfield code="b">spa</marc:subfield>
            <marc:subfield code="c">SpMaBN</marc:subfield>
            <marc:subfield code="e">rda</marc:subfield>
        </marc:datafield>
        <marc:datafield tag="041" ind1="1" ind2=" ">
            <marc:subfield code="a">spa</marc:subfield>
            <marc:subfield code="a">cat</marc:subfield>
            <marc:subfield code="a">eng</marc:subfield>
            <marc:subfield code="a">fre</marc:subfield>
            <marc:subfield code="a">ger</marc:subfield>
            <marc:subfield code="a">ita</marc:subfield>
            <marc:subfield code="h">eng</marc:subfield>
            <marc:subfield code="j">mul</marc:subfield>
        </marc:datafield>
        <marc:datafield tag="100" ind1="1" ind2=" ">
            <marc:subfield code="a">Verne, Jules</marc:subfield>
            <marc:subfield code="4">aut</marc:subfield>
            <marc:subfield code="d">1828-1905</marc:subfield>
            <marc:subfield code="1">http://viaf.org/viaf/76323989</marc:subfield>
        </marc:datafield>
        <marc:datafield tag="240" ind1="1" ind2="0">
            <marc:subfield code="a">Verne, Jules, 1828-1905. | Île mystérieuse</marc:subfield>
            <marc:subfield code="1">http://viaf.org/viaf/193014849</marc:subfield>
        </marc:datafield>
        <marc:datafield tag="245" ind1="1" ind2="0">
            <marc:subfield code="a">Viaje al centro de la Tierra 2 :</marc:subfield>
            <marc:subfield code="b">la isla misteriosa = Journey 2, the mysterious island</marc:subfield>
            <marc:subfield code="c">dirigida por Brad Peyton ; producida por Beau Flynn y Tripp Vinson, Charlotte Huggins ; guión de Brian Gunn y Mark Gunn, historia de Richard Outten y Brian Gunn y Mark Gunn ; director de fotografía, David Tattersall ; música de Andrew Lockington</marc:subfield>
        </marc:datafield>
        <marc:datafield tag="246" ind1="3" ind2=" ">
            <marc:subfield code="a">Viaje al centro de la Tierra dos</marc:subfield>
        </marc:datafield>
        <marc:datafield tag="246" ind1="3" ind2="0">
            <marc:subfield code="a">La isla misteriosa</marc:subfield>
        </marc:datafield>
        <marc:datafield tag="250" ind1=" " ind2=" ">
            <marc:subfield code="a">Ed. para venta y/o para alquiler</marc:subfield>
        </marc:datafield>
        <marc:datafield tag="264" ind1=" " ind2="1">
            <marc:subfield code="a">[Madrid]</marc:subfield>
            <marc:subfield code="b">distribuida por Warner Bros.</marc:subfield>
            <marc:subfield code="c">D.L. 2016.</marc:subfield>
        </marc:datafield>
        <marc:datafield tag="300" ind1=" " ind2=" ">
            <marc:subfield code="a">1 Blu-ray (ca. 94 min)</marc:subfield>
            <marc:subfield code="b">son., col</marc:subfield>
        </marc:datafield>
        <marc:datafield tag="336" ind1=" " ind2=" ">
            <marc:subfield code="a">two-dimensional moving image</marc:subfield>
            <marc:subfield code="b">tdi</marc:subfield>
            <marc:subfield code="2">rdacontent</marc:subfield>
        </marc:datafield>
        <marc:datafield tag="337" ind1=" " ind2=" ">
            <marc:subfield code="a">video</marc:subfield>
            <marc:subfield code="b">v</marc:subfield>
            <marc:subfield code="2">rdamedia</marc:subfield>
        </marc:datafield>
        <marc:datafield tag="338" ind1=" " ind2=" ">
            <marc:subfield code="a">videodisc</marc:subfield>
            <marc:subfield code="b">vd</marc:subfield>
            <marc:subfield code="2">rdacarrier</marc:subfield>
        </marc:datafield>
        <marc:datafield tag="380" ind1=" " ind2=" ">
            <marc:subfield code="a">Miton picture</marc:subfield>
        </marc:datafield>
        <marc:datafield tag="500" ind1=" " ind2=" ">
            <marc:subfield code="a">Incluye contenido extra</marc:subfield>
        </marc:datafield>
        <marc:datafield tag="650" ind1=" " ind2="4">
            <marc:subfield code="a">fantasy</marc:subfield>
        </marc:datafield>
        <marc:datafield tag="600" ind1="1" ind2=" ">
            <marc:subfield code="a">Verne, Jules</marc:subfield>
            <marc:subfield code="e">author</marc:subfield>
            <marc:subfield code="d">1828-1905</marc:subfield>
            <marc:subfield code="1">http://viaf.org/viaf/76323989</marc:subfield>
        </marc:datafield>
        <marc:datafield tag="700" ind1="1" ind2="2">
            <marc:subfield code="a">Verne, Jules</marc:subfield>
            <marc:subfield code="e">author</marc:subfield>
            <marc:subfield code="d">1828-1905</marc:subfield>
            <marc:subfield code="i">http://rdaregistry.info/termList/RDATerms/1003</marc:subfield>
            <marc:subfield code="t">L'île mystérieuse</marc:subfield>
            <marc:subfield code="1">http://viaf.org/viaf/177957070</marc:subfield>
        </marc:datafield>
        <marc:datafield tag="700" ind1="1" ind2=" ">
            <marc:subfield code="a">Peyton, Brad</marc:subfield>
            <marc:subfield code="d">1979-</marc:subfield>
            <marc:subfield code="e">director</marc:subfield>
            <marc:subfield code="1">http://viaf.org/viaf/160379673</marc:subfield>
        </marc:datafield>
        <marc:datafield tag="700" ind1="1" ind2=" ">
            <marc:subfield code="a">Flynn, Beau</marc:subfield>
            <marc:subfield code="d">1969-</marc:subfield>
            <marc:subfield code="e">prooducer</marc:subfield>
            <marc:subfield code="1">http://viaf.org/viaf/66224366</marc:subfield>
        </marc:datafield>
        <marc:datafield tag="700" ind1="1" ind2=" ">
            <marc:subfield code="a">Vinson, Tripp</marc:subfield>
            <marc:subfield code="e">producer</marc:subfield>
            <marc:subfield code="1">http://viaf.org/viaf/51141742</marc:subfield>
        </marc:datafield>
        <marc:datafield tag="700" ind1="1" ind2=" ">
            <marc:subfield code="a">Huggins, Charlotte</marc:subfield>
            <marc:subfield code="e">producer</marc:subfield>
            <marc:subfield code="1">http://viaf.org/viaf/306410243</marc:subfield>
        </marc:datafield>
        <marc:datafield tag="700" ind1="1" ind2=" ">
            <marc:subfield code="a">Gunn, Brian</marc:subfield>
            <marc:subfield code="e">screenwriter</marc:subfield>
            <marc:subfield code="1">http://viaf.org/viaf/92898841</marc:subfield>
        </marc:datafield>
        <marc:datafield tag="700" ind1="1" ind2=" ">
            <marc:subfield code="a">Gunn, Mark</marc:subfield>
            <marc:subfield code="e">creenwriter</marc:subfield>
            <marc:subfield code="1">http://viaf.org/viaf/71043550</marc:subfield>
        </marc:datafield>
        <marc:datafield tag="700" ind1="1" ind2=" ">
            <marc:subfield code="a">Outten, Richard</marc:subfield>
            <marc:subfield code="e">creator</marc:subfield>
            <marc:subfield code="1">http://viaf.org/viaf/86773000</marc:subfield>
        </marc:datafield>
        <marc:datafield tag="700" ind1="1" ind2=" ">
            <marc:subfield code="a">Tattersall, David</marc:subfield>
            <marc:subfield code="d">1960-</marc:subfield>
            <marc:subfield code="e">cinematographer</marc:subfield>
            <marc:subfield code="1">http://viaf.org/viaf/66245412</marc:subfield>
        </marc:datafield>
        <marc:datafield tag="700" ind1="1" ind2=" ">
            <marc:subfield code="a">Lockington, Andrew</marc:subfield>
            <marc:subfield code="d">1974-</marc:subfield>
            <marc:subfield code="e">composer</marc:subfield>
            <marc:subfield code="1">http://viaf.org/viaf/161996876</marc:subfield>
        </marc:datafield>
        <marc:datafield tag="700" ind1="1" ind2=" ">
            <marc:subfield code="a">Johnson, Dwayne</marc:subfield>
            <marc:subfield code="d">1972-</marc:subfield>
            <marc:subfield code="e">actor</marc:subfield>
            <marc:subfield code="1">http://viaf.org/viaf/116976150</marc:subfield>
        </marc:datafield>
        <marc:datafield tag="700" ind1="1" ind2=" ">
            <marc:subfield code="a">Caine, Michael</marc:subfield>
            <marc:subfield code="d">1933-</marc:subfield>
            <marc:subfield code="e">actor</marc:subfield>
            <marc:subfield code="1">http://viaf.org/viaf/54331998</marc:subfield>
        </marc:datafield>
        <marc:datafield tag="700" ind1="1" ind2=" ">
            <marc:subfield code="a">Hutcherson, Josh</marc:subfield>
            <marc:subfield code="d">1992-</marc:subfield>
            <marc:subfield code="e">actor</marc:subfield>
            <marc:subfield code="1">http://viaf.org/viaf/95515195</marc:subfield>
        </marc:datafield>
    </marc:record>