
    <marc:record>
        <marc:leader>01431ngm a22003255i 4500</marc:leader>
        <marc:controlfield tag="001">11536780</marc:controlfield>
        <marc:controlfield tag="005">00000000000000.0</marc:controlfield>
        <marc:controlfield tag="007">vf ccahru</marc:controlfield>
        <marc:controlfield tag="008">900726s1975    xx 048            vaeng  </marc:controlfield>
        <marc:datafield tag="040" ind1=" " ind2=" ">
            <marc:subfield code="a">DLC</marc:subfield>
            <marc:subfield code="b">eng</marc:subfield>
            <marc:subfield code="c">DLC</marc:subfield>
            <marc:subfield code="e">rda</marc:subfield>
        </marc:datafield>
        <marc:datafield tag="041" ind1=" " ind2=" ">
            <marc:subfield code="a">eng</marc:subfield>
        </marc:datafield>
        <marc:datafield tag="100" ind1="1" ind2=" ">
            <marc:subfield code="a">Gram, Leif</marc:subfield>
            <marc:subfield code="4">drt</marc:subfield>
            <marc:subfield code="1">http://viaf.org/viaf/107451017</marc:subfield>
        </marc:datafield>
        <marc:datafield tag="240" ind1="1" ind2="0">
            <marc:subfield code="a">The Mysterious Island (Motion Picture) 1975</marc:subfield>
            <marc:subfield code="1">http://viaf.org/viaf/187564600</marc:subfield>
        </marc:datafield>
        <marc:datafield tag="245" ind1="0" ind2="4">
            <marc:subfield code="a">The Mysterious Island /</marc:subfield>
            <marc:subfield code="c">an API production ; producer, Walter J. Hucker ; director, Leif Gram</marc:subfield>
        </marc:datafield>
        <marc:datafield tag="264" ind1=" " ind2="1">
            <marc:subfield code="c">1975</marc:subfield>
        </marc:datafield>
        <marc:datafield tag="300" ind1=" " ind2=" ">
            <marc:subfield code="a">1 videocassette of 1 (ca. 58 min.)</marc:subfield>
            <marc:subfield code="b">sd., col.</marc:subfield>
            <marc:subfield code="c">3/4 in. viewing copy</marc:subfield>
        </marc:datafield>
        <marc:datafield tag="336" ind1=" " ind2=" ">
            <marc:subfield code="a">two-dimensional moving image</marc:subfield>
            <marc:subfield code="b">tdi</marc:subfield>
            <marc:subfield code="2">rdacontent</marc:subfield>
        </marc:datafield>
        <marc:datafield tag="337" ind1=" " ind2=" ">
            <marc:subfield code="a">video</marc:subfield>
            <marc:subfield code="b">v</marc:subfield>
            <marc:subfield code="2">rdamedia</marc:subfield>
        </marc:datafield>
        <marc:datafield tag="338" ind1=" " ind2=" ">
            <marc:subfield code="a">videocassette</marc:subfield>
            <marc:subfield code="b">vf</marc:subfield>
            <marc:subfield code="2">rdacarrier</marc:subfield>
        </marc:datafield>
        <marc:datafield tag="380" ind1=" " ind2=" ">
            <marc:subfield code="a">Motion picture</marc:subfield>
        </marc:datafield>
        <marc:datafield tag="500" ind1=" " ind2=" ">
            <marc:subfield code="a">Copyright: Air Programs International. DCR 1975; PUB 1Jan75; REG 25May88; PA404-185.</marc:subfield>
        </marc:datafield>
        <marc:datafield tag="500" ind1=" " ind2=" ">
            <marc:subfield code="a">Based on the original story by Jules Verne, 1828-1905</marc:subfield>
        </marc:datafield>
        <marc:datafield tag="500" ind1=" " ind2=" ">
            <marc:subfield code="a">Reference source used: COPICS data base</marc:subfield>
        </marc:datafield>
        <marc:datafield tag="600" ind1="1" ind2=" ">
            <marc:subfield code="a">Verne, Jules</marc:subfield>
            <marc:subfield code="e">aut</marc:subfield>
            <marc:subfield code="d">1828-1905</marc:subfield>
            <marc:subfield code="1">http://viaf.org/viaf/76323989</marc:subfield>
        </marc:datafield>
        <marc:datafield tag="650" ind1=" " ind2="4">
            <marc:subfield code="a">fantasy</marc:subfield>
        </marc:datafield>
        <marc:datafield tag="650" ind1=" " ind2="7">
            <marc:subfield code="a">animation</marc:subfield>
            <marc:subfield code="2">mim</marc:subfield>
        </marc:datafield>
        <marc:datafield tag="650" ind1=" " ind2="7">
            <marc:subfield code="a">video</marc:subfield>
            <marc:subfield code="2">mim</marc:subfield>
        </marc:datafield>
        <marc:datafield tag="700" ind1="1" ind2=" ">
            <marc:subfield code="a">Hucker, Walter J.</marc:subfield>
            <marc:subfield code="e">producer</marc:subfield>
            <marc:subfield code="1">http://viaf.org/viaf/27252025</marc:subfield>
        </marc:datafield>
        <marc:datafield tag="700" ind1="1" ind2=" ">
            <marc:subfield code="a">Gram, Leif</marc:subfield>
            <marc:subfield code="e">director</marc:subfield>
            <marc:subfield code="1">http://viaf.org/viaf/107451017</marc:subfield>
        </marc:datafield>
        <marc:datafield tag="700" ind1="1" ind2="2">
            <marc:subfield code="a">Verne, Jules</marc:subfield>
            <marc:subfield code="e">author</marc:subfield>
            <marc:subfield code="d">1828-1905</marc:subfield>
            <marc:subfield code="i">http://rdaregistry.info/termList/RDATerms/1003</marc:subfield>
            <marc:subfield code="t">L'île mystérieuse</marc:subfield>
            <marc:subfield code="1">http://viaf.org/viaf/177957070</marc:subfield>
        </marc:datafield>
    </marc:record>