
    <marc:record>
        <marc:leader>00871njm a22002293i 450 </marc:leader>
        <marc:controlfield tag="001">FRBNF379316390000003</marc:controlfield>
        <marc:controlfield tag="007">s| |||||||||||</marc:controlfield>
        <marc:datafield tag="040" ind1=" " ind2=" ">
            <marc:subfield code="b">fre</marc:subfield>
            <marc:subfield code="e">rda</marc:subfield>
        </marc:datafield>
        <marc:datafield tag="041" ind1=" " ind2=" ">
            <marc:subfield code="a">fre</marc:subfield>
        </marc:datafield>
        <marc:datafield tag="100" ind1=" " ind2=" ">
            <marc:subfield code="a">Verne, Jules</marc:subfield>
            <marc:subfield code="4">aut</marc:subfield>
            <marc:subfield code="d">1828-1905</marc:subfield>
            <marc:subfield code="1">http://viaf.org/viaf/76323989</marc:subfield>
        </marc:datafield>
        <marc:datafield tag="240" ind1="1" ind2="0">
            <marc:subfield code="a">Verne, Jules, 1828-1905. | Enfants du capitaine grant : voyage autour du monde</marc:subfield>
            <marc:subfield code="1">http://viaf.org/viaf/177366800</marc:subfield>
        </marc:datafield>
        <marc:datafield tag="245" ind1="1" ind2=" ">
            <marc:subfield code="a">Les enfants du capitaine Grant</marc:subfield>
            <marc:subfield code="b">Enregistrement sonore</marc:subfield>
            <marc:subfield code="f">Jules Verne</marc:subfield>
            <marc:subfield code="g">Jean Paredes</marc:subfield>
        </marc:datafield>
        <marc:datafield tag="264" ind1=" " ind2="1">
            <marc:subfield code="a">[S.l.]</marc:subfield>
            <marc:subfield code="c">[s.n.]</marc:subfield>
            <marc:subfield code="d">[1978 (DL)]</marc:subfield>
        </marc:datafield>
        <marc:datafield tag="300" ind1=" " ind2=" ">
            <marc:subfield code="a">1 disque</marc:subfield>
            <marc:subfield code="c">33 t</marc:subfield>
            <marc:subfield code="d">30 cm</marc:subfield>
        </marc:datafield>
        <marc:datafield tag="336" ind1=" " ind2=" ">
            <marc:subfield code="a">performed music</marc:subfield>
            <marc:subfield code="b">prm</marc:subfield>
            <marc:subfield code="2">rdacontent</marc:subfield>
        </marc:datafield>
        <marc:datafield tag="337" ind1=" " ind2=" ">
            <marc:subfield code="a">audio</marc:subfield>
            <marc:subfield code="b">s</marc:subfield>
            <marc:subfield code="2">rdamedia</marc:subfield>
        </marc:datafield>
        <marc:datafield tag="338" ind1=" " ind2=" ">
            <marc:subfield code="a">other</marc:subfield>
            <marc:subfield code="b">sz</marc:subfield>
            <marc:subfield code="2">rdacarrier</marc:subfield>
        </marc:datafield>
        <marc:datafield tag="380" ind1=" " ind2=" ">
            <marc:subfield code="a">Audio book</marc:subfield>
        </marc:datafield>
        <marc:datafield tag="500" ind1="1" ind2=" ">
            <marc:subfield code="a">Le Petit Poucet</marc:subfield>
        </marc:datafield>
        <marc:datafield tag="650" ind1=" " ind2="4">
            <marc:subfield code="a">fantasy</marc:subfield>
        </marc:datafield>
        <marc:datafield tag="700" ind1="1" ind2=" ">
            <marc:subfield code="a">Verne, Jules</marc:subfield>
            <marc:subfield code="e">author</marc:subfield>
            <marc:subfield code="d">1828-1905</marc:subfield>
            <marc:subfield code="1">http://viaf.org/viaf/76323989</marc:subfield>
        </marc:datafield>
        <marc:datafield tag="700" ind1="1" ind2=" ">
            <marc:subfield code="a">Paredes, Jean</marc:subfield>
            <marc:subfield code="e">stereotyper</marc:subfield>
            <marc:subfield code="1">http://viaf.org/viaf/32184265</marc:subfield>
        </marc:datafield>
    </marc:record>