
    <marc:record>
        <marc:leader>01182njm a22002893i 450 </marc:leader>
        <marc:controlfield tag="003">http://catalogue.bnf.fr/ark:/12148/cb37794601c</marc:controlfield>
        <marc:controlfield tag="001">018863657</marc:controlfield>
        <marc:controlfield tag="005">20180508175300.0</marc:controlfield>
        <marc:controlfield tag="007">kz |||</marc:controlfield>
        <marc:controlfield tag="008">180312s2018    enka   j      000|0|eng|d</marc:controlfield>
        <marc:datafield tag="020" ind1=" " ind2=" ">
            <marc:subfield code="a">9781787412408</marc:subfield>
            <marc:subfield code="c">£14.99</marc:subfield>
        </marc:datafield>
        <marc:datafield tag="040" ind1=" " ind2=" ">
            <marc:subfield code="a">StDuBDS</marc:subfield>
            <marc:subfield code="b">eng</marc:subfield>
            <marc:subfield code="c">StDuBDS</marc:subfield>
            <marc:subfield code="e">rda</marc:subfield>
        </marc:datafield>
        <marc:datafield tag="041" ind1=" " ind2=" ">
            <marc:subfield code="a">eng</marc:subfield>
        </marc:datafield>
        <marc:datafield tag="100" ind1="1" ind2=" ">
            <marc:subfield code="a">Artymowska, Aleksandra</marc:subfield>
            <marc:subfield code="4">ill</marc:subfield>
            <marc:subfield code="d">1981-</marc:subfield>
            <marc:subfield code="1">http://viaf.org/viaf/8151050048733412827</marc:subfield>
        </marc:datafield>
        <marc:datafield tag="240" ind1="1" ind2="0">
            <marc:subfield code="a"> Verne, Jules, 1828-1905. | Vingt mille lieues sous les mers</marc:subfield>
            <marc:subfield code="1"> http://viaf.org/viaf/180410275</marc:subfield>
        </marc:datafield>
        <marc:datafield tag="245" ind1="1" ind2="0">
            <marc:subfield code="a">20,000 leagues under the sea</marc:subfield>
            <marc:subfield code="b">a puzzle adventure </marc:subfield>
            <marc:subfield code="c">Aleksandra Artymowska</marc:subfield>
        </marc:datafield>
        <marc:datafield tag="264" ind1=" " ind2="1">
            <marc:subfield code="a">London</marc:subfield>
            <marc:subfield code="b">Big Picture Press</marc:subfield>
            <marc:subfield code="c">2018</marc:subfield>
        </marc:datafield>
        <marc:datafield tag="300" ind1=" " ind2=" ">
            <marc:subfield code="a">1 volume</marc:subfield>
            <marc:subfield code="b">ill</marc:subfield>
            <marc:subfield code="c">29 cm</marc:subfield>
        </marc:datafield>
        <marc:datafield tag="336" ind1=" " ind2=" ">
            <marc:subfield code="a">text</marc:subfield>
            <marc:subfield code="b">txt</marc:subfield>
            <marc:subfield code="2">rdacontent</marc:subfield>
        </marc:datafield>
        <marc:datafield tag="337" ind1=" " ind2=" ">
            <marc:subfield code="a">unmediated</marc:subfield>
            <marc:subfield code="b">n</marc:subfield>
            <marc:subfield code="2">rdamedia</marc:subfield>
        </marc:datafield>
        <marc:datafield tag="338" ind1=" " ind2=" ">
            <marc:subfield code="a">volume</marc:subfield>
            <marc:subfield code="b">nc</marc:subfield>
            <marc:subfield code="2">rdacarrier</marc:subfield>
        </marc:datafield>
        <marc:datafield tag="380" ind1=" " ind2=" ">
            <marc:subfield code="a">Puzzle book</marc:subfield>
        </marc:datafield>
        <marc:datafield tag="600" ind1="1" ind2="0">
            <marc:subfield code="a">Verne, Jules </marc:subfield>
            <marc:subfield code="d">1828-1905.</marc:subfield>
            <marc:subfield code="t">20,000 leagues under the sea</marc:subfield>
            <marc:subfield code="v">Juvenile literature</marc:subfield>
        </marc:datafield>
        <marc:datafield tag="650" ind1=" " ind2="0">
            <marc:subfield code="a">Puzzles</marc:subfield>
            <marc:subfield code="v">Juvenile literature</marc:subfield>
        </marc:datafield>
        <marc:datafield tag="650" ind1=" " ind2="4">
            <marc:subfield code="a">fantasy</marc:subfield>
        </marc:datafield>
        <marc:datafield tag="700" ind1="1" ind2=" ">
            <marc:subfield code="a">Verne, Jules</marc:subfield>
            <marc:subfield code="e">author</marc:subfield>
            <marc:subfield code="d">1828-1905</marc:subfield>
            <marc:subfield code="1">http://viaf.org/viaf/7632398976323989</marc:subfield>
        </marc:datafield>
        <marc:datafield tag="700" ind1="1" ind2=" ">
            <marc:subfield code="a">Artymowska, Aleksandra</marc:subfield>
            <marc:subfield code="e">illustrator</marc:subfield>
            <marc:subfield code="d">1981-</marc:subfield>
            <marc:subfield code="1">http://viaf.org/viaf/8151050048733412827</marc:subfield>
        </marc:datafield>
    </marc:record>