
    <marc:record>
        <marc:leader>01821nam a22002771i 450 </marc:leader>
        <marc:controlfield tag="001">10078202</marc:controlfield>
        <marc:controlfield tag="005">20010128224732.0</marc:controlfield>
        <marc:controlfield tag="007">ta</marc:controlfield>
        <marc:controlfield tag="008">000000s1988    uik           00| j eng d</marc:controlfield>
        <marc:datafield tag="020" ind1=" " ind2=" ">
            <marc:subfield code="a">0586203443</marc:subfield>
        </marc:datafield>
        <marc:datafield tag="100" ind1="1" ind2=" ">
            <marc:subfield code="a">Derleth, August</marc:subfield>
            <marc:subfield code="4">col</marc:subfield>
            <marc:subfield code="d">1909-1981</marc:subfield>
            <marc:subfield code="1">http://viaf.org/viaf/12307238</marc:subfield>
        </marc:datafield>
        <marc:datafield tag="240" ind1="1" ind2="0">
            <marc:subfield code="a">Lovecraft, H. P. (Howard Phillips), 1890-1937. | Tales of the Cthulhu mythos</marc:subfield>
            <marc:subfield code="1">http://viaf.org/viaf/188296005</marc:subfield>
        </marc:datafield>
        <marc:datafield tag="245" ind1="0" ind2="0">
            <marc:subfield code="a">Tales of the Cthulhu mythos</marc:subfield>
            <marc:subfield code="c">H.P. Lovecraft and others ; collected by August Derleth</marc:subfield>
        </marc:datafield>
        <marc:datafield tag="264" ind1=" " ind2="1">
            <marc:subfield code="a">London</marc:subfield>
            <marc:subfield code="b">Grafton</marc:subfield>
            <marc:subfield code="c">1988</marc:subfield>
        </marc:datafield>
        <marc:datafield tag="300" ind1=" " ind2=" ">
            <marc:subfield code="a">508 s.</marc:subfield>
        </marc:datafield>
        <marc:datafield tag="336" ind1=" " ind2=" ">
            <marc:subfield code="a">text</marc:subfield>
            <marc:subfield code="b">txt</marc:subfield>
            <marc:subfield code="2">rdacontent</marc:subfield>
        </marc:datafield>
        <marc:datafield tag="337" ind1=" " ind2=" ">
            <marc:subfield code="a">unmediated</marc:subfield>
            <marc:subfield code="b">n</marc:subfield>
            <marc:subfield code="2">rdamedia</marc:subfield>
        </marc:datafield>
        <marc:datafield tag="338" ind1=" " ind2=" ">
            <marc:subfield code="a">volume</marc:subfield>
            <marc:subfield code="b">nc</marc:subfield>
            <marc:subfield code="2">rdacarrier</marc:subfield>
        </marc:datafield>
        <marc:datafield tag="380" ind1=" " ind2=" ">
            <marc:subfield code="a">Short story collection</marc:subfield>
        </marc:datafield>
        <marc:datafield tag="505" ind1="0" ind2=" ">
            <marc:subfield code="a">Indhold: August Derleth: The Cthulhu mythos -- H.P. Lovecraft: The call of Cthulhu (The horror in clay ; The tale of inspector Legrasse ; The madness from the sea) ; The haunter of the dark -- Clark Ashton Smith: The return of the Sorcerer ; Ubbo-Sathla -- Robert E. Howard: The black stone -- Frank Belknap Long: The hounds of Tindalos ; The space eaters -- August Derleth: The Dweller in darkness ; Beyond the Threshold -- Henry Kuttner: The Salem horror -- J. Vernon Shea: The haunter of the graveyard -- Robert Bloch: The shambler from the stars ; The shadow from the steeple ; Notebook found in a deserted house -- Ramsey Campbell: Cold print -- Brian Lumley: The sister city ; Cement surroundings -- James Wade: The deep ones -- Colin Wilson: The return of the Lloigor</marc:subfield>
        </marc:datafield>
        <marc:datafield tag="650" ind1=" " ind2="4">
            <marc:subfield code="a">fantasy</marc:subfield>
        </marc:datafield>
        <marc:datafield tag="700" ind1="1" ind2=" ">
            <marc:subfield code="a">Derleth, August</marc:subfield>
            <marc:subfield code="e">collector</marc:subfield>
            <marc:subfield code="d">1909-1981</marc:subfield>
            <marc:subfield code="1">http://viaf.org/viaf/12307238</marc:subfield>
        </marc:datafield>
        <marc:datafield tag="700" ind1="1" ind2=" ">
            <marc:subfield code="a">Lovecraft, H. P.</marc:subfield>
            <marc:subfield code="q">(Howard Phillips)</marc:subfield>
            <marc:subfield code="d">1890-1937</marc:subfield>
            <marc:subfield code="e">author</marc:subfield>
            <marc:subfield code="1">http://viaf.org/viaf/66470391</marc:subfield>
        </marc:datafield>
        <marc:datafield tag="700" ind1="1" ind2=" ">
            <marc:subfield code="a">Lovecraft, H.P.</marc:subfield>
            <marc:subfield code="d">1890-1937</marc:subfield>
        </marc:datafield>
        <marc:datafield tag="700" ind1="1" ind2=" ">
            <marc:subfield code="a">Lovecraft, HP.</marc:subfield>
            <marc:subfield code="d">1890-1937</marc:subfield>
        </marc:datafield>
        <marc:datafield tag="700" ind1="1" ind2=" ">
            <marc:subfield code="a">Lovecraft, HP</marc:subfield>
            <marc:subfield code="d">1890-1937</marc:subfield>
        </marc:datafield>
    </marc:record>