
    <marc:record>
        <marc:leader>01339nam a22003131i 450 </marc:leader>
        <marc:controlfield tag="001">20901926</marc:controlfield>
        <marc:controlfield tag="005">20181210081134.0</marc:controlfield>
        <marc:controlfield tag="007">ta</marc:controlfield>
        <marc:controlfield tag="008">000000s1995    dk            00| j dan d</marc:controlfield>
        <marc:datafield tag="020" ind1=" " ind2=" ">
            <marc:subfield code="a">8790008219</marc:subfield>
            <marc:subfield code="q">hf.</marc:subfield>
            <marc:subfield code="c">kr. 49,50</marc:subfield>
        </marc:datafield>
        <marc:datafield tag="041" ind1="1" ind2=" ">
            <marc:subfield code="a">dan</marc:subfield>
            <marc:subfield code="h">eng</marc:subfield>
        </marc:datafield>
        <marc:datafield tag="100" ind1="1" ind2=" ">
            <marc:subfield code="a">Lovecraft, H. P.</marc:subfield>
            <marc:subfield code="4">aut</marc:subfield>
            <marc:subfield code="d">1890-1937</marc:subfield>
            <marc:subfield code="1">http://viaf.org/viaf/66470391</marc:subfield>
        </marc:datafield>
        <marc:datafield tag="240" ind1="1" ind2="0">
            <marc:subfield code="a">Lovecraft, H. P. (Howard Phillips), 1890-1937. | At the mountains of madness : the definitive edition</marc:subfield>
            <marc:subfield code="1">http://viaf.org/viaf/312341203</marc:subfield>
        </marc:datafield>
        <marc:datafield tag="245" ind1="1" ind2="0">
            <marc:subfield code="a">Vanviddets bjerge</marc:subfield>
            <marc:subfield code="c">H.P. Lovecraft ; p ̄dansk ved Martin Hansen.</marc:subfield>
        </marc:datafield>
        <marc:datafield tag="264" ind1=" " ind2="1">
            <marc:subfield code="a">[Kbh.]</marc:subfield>
            <marc:subfield code="b">Interpresse</marc:subfield>
            <marc:subfield code="c">1995</marc:subfield>
        </marc:datafield>
        <marc:datafield tag="300" ind1=" " ind2=" ">
            <marc:subfield code="a">166 s.</marc:subfield>
        </marc:datafield>
        <marc:datafield tag="336" ind1=" " ind2=" ">
            <marc:subfield code="a">text</marc:subfield>
            <marc:subfield code="b">txt</marc:subfield>
            <marc:subfield code="2">rdacontent</marc:subfield>
        </marc:datafield>
        <marc:datafield tag="337" ind1=" " ind2=" ">
            <marc:subfield code="a">unmediated</marc:subfield>
            <marc:subfield code="b">n</marc:subfield>
            <marc:subfield code="2">rdamedia</marc:subfield>
        </marc:datafield>
        <marc:datafield tag="338" ind1=" " ind2=" ">
            <marc:subfield code="a">volume</marc:subfield>
            <marc:subfield code="b">nc</marc:subfield>
            <marc:subfield code="2">rdacarrier</marc:subfield>
        </marc:datafield>
        <marc:datafield tag="380" ind1=" " ind2=" ">
            <marc:subfield code="a">Short story</marc:subfield>
        </marc:datafield>
        <marc:datafield tag="500" ind1=" " ind2=" ">
            <marc:subfield code="a">Originaltitler: At the mountain of madness, og: The haunter of the dark</marc:subfield>
        </marc:datafield>
        <marc:datafield tag="520" ind1="8" ind2=" ">
            <marc:subfield code="a">Gyser om en videnskabelig ekspedition, som bliver ns̆ten helt udslettet, da den dybt inde i et bjergmassiv i Antarktis md̜er resterne af en forhistorisk invasion fra rummet</marc:subfield>
        </marc:datafield>
        <marc:datafield tag="650" ind1=" " ind2="4">
            <marc:subfield code="a">fantasy</marc:subfield>
        </marc:datafield>
        <marc:datafield tag="650" ind1=" " ind2="0">
            <marc:subfield code="a">Science fiction</marc:subfield>
        </marc:datafield>
        <marc:datafield tag="700" ind1="1" ind2=" ">
            <marc:subfield code="a">Lovecraft, H. P.</marc:subfield>
            <marc:subfield code="q">(Howard Phillips)</marc:subfield>
            <marc:subfield code="d">1890-1937</marc:subfield>
            <marc:subfield code="e">author</marc:subfield>
            <marc:subfield code="1">http://viaf.org/viaf/66470391</marc:subfield>
        </marc:datafield>
        <marc:datafield tag="700" ind1="1" ind2=" ">
            <marc:subfield code="a">Lovecraft, H.P.</marc:subfield>
            <marc:subfield code="d">1890-1937</marc:subfield>
        </marc:datafield>
        <marc:datafield tag="700" ind1="1" ind2=" ">
            <marc:subfield code="a">Lovecraft, HP.</marc:subfield>
            <marc:subfield code="d">1890-1937</marc:subfield>
        </marc:datafield>
        <marc:datafield tag="700" ind1="1" ind2=" ">
            <marc:subfield code="a">Lovecraft, HP</marc:subfield>
            <marc:subfield code="d">1890-1937</marc:subfield>
        </marc:datafield>
        <marc:datafield tag="700" ind1="1" ind2=" ">
            <marc:subfield code="a">Hansen, Martin</marc:subfield>
            <marc:subfield code="e">translator</marc:subfield>
        </marc:datafield>
    </marc:record>