
    <marc:record>
        <marc:leader>02110nmm a22003970i 450 </marc:leader>
        <marc:controlfield tag="001">26200148</marc:controlfield>
        <marc:controlfield tag="005">20181207125626.0</marc:controlfield>
        <marc:controlfield tag="007">c |||||||||||</marc:controlfield>
        <marc:controlfield tag="008">000000s2006    fr                | mul d</marc:controlfield>
        <marc:datafield tag="041" ind1="0" ind2=" ">
            <marc:subfield code="a">eng</marc:subfield>
            <marc:subfield code="a">ger</marc:subfield>
            <marc:subfield code="a">fre</marc:subfield>
            <marc:subfield code="b">dan</marc:subfield>
            <marc:subfield code="b">nor</marc:subfield>
            <marc:subfield code="b">swe</marc:subfield>
            <marc:subfield code="b">fin</marc:subfield>
        </marc:datafield>
        <marc:datafield tag="100" ind1="1" ind2=" ">
            <marc:subfield code="a">Lovecraft, H. P.</marc:subfield>
            <marc:subfield code="4">aut</marc:subfield>
            <marc:subfield code="d">1890-1937</marc:subfield>
            <marc:subfield code="1">http://viaf.org/viaf/66470391</marc:subfield>
        </marc:datafield>
        <marc:datafield tag="240" ind1="1" ind2="0">
            <marc:subfield code="a">Lovecraft, H. P. (Howard Phillips), 1890-1937. | Call of Cthulhu</marc:subfield>
            <marc:subfield code="1">http://viaf.org/viaf/306129374</marc:subfield>
        </marc:datafield>
        <marc:datafield tag="245" ind1="0" ind2="0">
            <marc:subfield code="a">Call of Cthulhu :</marc:subfield>
            <marc:subfield code="b">dark conners of the earth /</marc:subfield>
            <marc:subfield code="c">inspired by the works of H.P. Lovecraft ; producer &amp; lead designer Chris Gray ; lead engineer Gareth Clarke ; scriptwriter Chris Gray.</marc:subfield>
        </marc:datafield>
        <marc:datafield tag="264" ind1=" " ind2="1">
            <marc:subfield code="a">[Montreuil Sous Bois]</marc:subfield>
            <marc:subfield code="b">Ubisoft</marc:subfield>
            <marc:subfield code="c">2006</marc:subfield>
        </marc:datafield>
        <marc:datafield tag="264" ind1=" " ind2="1">
            <marc:subfield code="a">[Ballerup]</marc:subfield>
            <marc:subfield code="b">[eksp. DBC medier]</marc:subfield>
            <marc:subfield code="c">2006</marc:subfield>
        </marc:datafield>
        <marc:datafield tag="300" ind1=" " ind2=" ">
            <marc:subfield code="a">2 cd-rom'er</marc:subfield>
            <marc:subfield code="b">lyd, farve +</marc:subfield>
            <marc:subfield code="e">1 vejledning +</marc:subfield>
            <marc:subfield code="e">1 quickstart</marc:subfield>
        </marc:datafield>
        <marc:datafield tag="336" ind1=" " ind2=" ">
            <marc:subfield code="a">computer dataset</marc:subfield>
            <marc:subfield code="b">cod</marc:subfield>
            <marc:subfield code="2">rdacontent</marc:subfield>
        </marc:datafield>
        <marc:datafield tag="337" ind1=" " ind2=" ">
            <marc:subfield code="a">computer</marc:subfield>
            <marc:subfield code="b">c</marc:subfield>
            <marc:subfield code="2">rdamedia</marc:subfield>
        </marc:datafield>
        <marc:datafield tag="338" ind1=" " ind2=" ">
            <marc:subfield code="a">other</marc:subfield>
            <marc:subfield code="b">cz</marc:subfield>
            <marc:subfield code="2">rdacarrier</marc:subfield>
        </marc:datafield>
        <marc:datafield tag="380" ind1=" " ind2=" ">
            <marc:subfield code="a">Electronic text</marc:subfield>
        </marc:datafield>
        <marc:datafield tag="500" ind1=" " ind2=" ">
            <marc:subfield code="a">Titlen hentet fra cd-rometiketterne</marc:subfield>
        </marc:datafield>
        <marc:datafield tag="500" ind1=" " ind2=" ">
            <marc:subfield code="a">Vejledning: Engelsk tekst</marc:subfield>
        </marc:datafield>
        <marc:datafield tag="500" ind1=" " ind2=" ">
            <marc:subfield code="a">Quickstart: Dansk, norsk, svensk og finsk tekst</marc:subfield>
        </marc:datafield>
        <marc:datafield tag="500" ind1=" " ind2=" ">
            <marc:subfield code="a">PEGI-mr̆kning: 18+.</marc:subfield>
        </marc:datafield>
        <marc:datafield tag="500" ind1=" " ind2=" ">
            <marc:subfield code="a">Fra 16 r̄.</marc:subfield>
        </marc:datafield>
        <marc:datafield tag="505" ind1=" " ind2=" ">
            <marc:subfield code="a">Adventurespil. Hvad var det for rd̆sler, som drev Jack Walters til selvmord p ̄et sindssygehospital i 1922? Forbered dig p ̄en massiv horrorstemning og en kd̆e af nye gruopvk̆kende oplevelser, nr̄ du starter opklaringen med ham selv som hovedperson i den uhyggelige by Innsmouth, der er som snydt ud af Lovecrofts romaner. Den hr̄rejsende historie med en mystisk kult med menneskeofring foregr̄ fr̜st p ̄traditionel adventurevis senere ogs ̄med forskellige skydevb̄en.</marc:subfield>
        </marc:datafield>
        <marc:datafield tag="650" ind1=" " ind2="0">
            <marc:subfield code="a">paranormal</marc:subfield>
        </marc:datafield>
        <marc:datafield tag="650" ind1=" " ind2="4">
            <marc:subfield code="a">fantasy</marc:subfield>
        </marc:datafield>
        <marc:datafield tag="650" ind1=" " ind2="0">
            <marc:subfield code="a">horror</marc:subfield>
        </marc:datafield>
        <marc:datafield tag="650" ind1=" " ind2="0">
            <marc:subfield code="a">science fiction</marc:subfield>
        </marc:datafield>
        <marc:datafield tag="700" ind1="1" ind2=" ">
            <marc:subfield code="a">Gray, Chris</marc:subfield>
            <marc:subfield code="a">http://viaf.org/viaf/315547567</marc:subfield>
        </marc:datafield>
        <marc:datafield tag="700" ind1="1" ind2=" ">
            <marc:subfield code="a">Clarke, Gareth</marc:subfield>
            <marc:subfield code="a">http://viaf.org/viaf/315545335</marc:subfield>
        </marc:datafield>
        <marc:datafield tag="700" ind1="1" ind2=" ">
            <marc:subfield code="a">Lovecraft, H. P.</marc:subfield>
            <marc:subfield code="q">(Howard Phillips)</marc:subfield>
            <marc:subfield code="d">1890-1937</marc:subfield>
            <marc:subfield code="e">author</marc:subfield>
            <marc:subfield code="a">http://viaf.org/viaf/66470391</marc:subfield>
        </marc:datafield>
        <marc:datafield tag="700" ind1="1" ind2=" ">
            <marc:subfield code="a">Lovecraft, H.P.</marc:subfield>
            <marc:subfield code="d">1890-1937</marc:subfield>
        </marc:datafield>
        <marc:datafield tag="700" ind1="1" ind2=" ">
            <marc:subfield code="a">Lovecraft, HP.</marc:subfield>
            <marc:subfield code="d">1890-1937</marc:subfield>
        </marc:datafield>
        <marc:datafield tag="700" ind1="1" ind2=" ">
            <marc:subfield code="a">Lovecraft, HP</marc:subfield>
            <marc:subfield code="d">1890-1937</marc:subfield>
        </marc:datafield>
    </marc:record>