
    <marc:record>
        <marc:leader>04043cam a22006735i 4500</marc:leader>
        <marc:controlfield tag="001">20621798</marc:controlfield>
        <marc:controlfield tag="005">20180815165629.0</marc:controlfield>
        <marc:controlfield tag="007">ta</marc:controlfield>
        <marc:controlfield tag="008">180808s2018    nyu           000 1 eng d</marc:controlfield>
        <marc:datafield tag="020" ind1=" " ind2=" ">
            <marc:subfield code="a">9781481483001</marc:subfield>
            <marc:subfield code="q">(paperback)</marc:subfield>
        </marc:datafield>
        <marc:datafield tag="020" ind1=" " ind2=" ">
            <marc:subfield code="a">1481483005</marc:subfield>
            <marc:subfield code="q">(paperback)</marc:subfield>
        </marc:datafield>
        <marc:datafield tag="040" ind1=" " ind2=" ">
            <marc:subfield code="a">BTCTA</marc:subfield>
            <marc:subfield code="b">eng</marc:subfield>
            <marc:subfield code="c">BTCTA</marc:subfield>
            <marc:subfield code="e">rda</marc:subfield>
            <marc:subfield code="d">BDX</marc:subfield>
            <marc:subfield code="d">YDX</marc:subfield>
            <marc:subfield code="d">OQX</marc:subfield>
            <marc:subfield code="d">BKL</marc:subfield>
            <marc:subfield code="d">KL8</marc:subfield>
            <marc:subfield code="d">OCLCO</marc:subfield>
            <marc:subfield code="d">OCLCF</marc:subfield>
            <marc:subfield code="d">DLC</marc:subfield>
        </marc:datafield>
        <marc:datafield tag="041" ind1="1" ind2=" ">
            <marc:subfield code="a">eng</marc:subfield>
        </marc:datafield>
        <marc:datafield tag="100" ind1="1" ind2=" ">
            <marc:subfield code="a">Shvartsman, Alex</marc:subfield>
            <marc:subfield code="d">1975-</marc:subfield>
            <marc:subfield code="4">edt</marc:subfield>
            <marc:subfield code="1">http://viaf.org/viaf/3859153472521445360003</marc:subfield>
        </marc:datafield>
        <marc:datafield tag="240" ind1="1" ind2="0">
            <marc:subfield code="a">Shvartsman, Alex, 1975- | The cackle of Cthulhu</marc:subfield>
        </marc:datafield>
        <marc:datafield tag="245" ind1="0" ind2="4">
            <marc:subfield code="a">The cackle of Cthulhu /</marc:subfield>
            <marc:subfield code="c">edited by Alex Shvartsman.</marc:subfield>
        </marc:datafield>
        <marc:datafield tag="264" ind1=" " ind2="1">
            <marc:subfield code="a">Riverdale, NY</marc:subfield>
            <marc:subfield code="b">Baen Books</marc:subfield>
            <marc:subfield code="c">2018</marc:subfield>
        </marc:datafield>
        <marc:datafield tag="300" ind1=" " ind2=" ">
            <marc:subfield code="a">265 s</marc:subfield>
            <marc:subfield code="c">24 cm</marc:subfield>
        </marc:datafield>
        <marc:datafield tag="336" ind1=" " ind2=" ">
            <marc:subfield code="a">text</marc:subfield>
            <marc:subfield code="b">txt</marc:subfield>
            <marc:subfield code="2">rdacontent</marc:subfield>
        </marc:datafield>
        <marc:datafield tag="337" ind1=" " ind2=" ">
            <marc:subfield code="a">unmediated</marc:subfield>
            <marc:subfield code="b">n</marc:subfield>
            <marc:subfield code="2">rdamedia</marc:subfield>
        </marc:datafield>
        <marc:datafield tag="338" ind1=" " ind2=" ">
            <marc:subfield code="a">volume</marc:subfield>
            <marc:subfield code="b">nc</marc:subfield>
            <marc:subfield code="2">rdacarrier</marc:subfield>
        </marc:datafield>
        <marc:datafield tag="380" ind1=" " ind2=" ">
            <marc:subfield code="a">Short story collection</marc:subfield>
        </marc:datafield>
        <marc:datafield tag="505" ind1="0" ind2="0">
            <marc:subfield code="t">Foreword /</marc:subfield>
            <marc:subfield code="r">by Alex Schvartsman --</marc:subfield>
            <marc:subfield code="t">The shunned trailer /</marc:subfield>
            <marc:subfield code="r">by Esther Friesner --</marc:subfield>
            <marc:subfield code="t">The captain in yellow /</marc:subfield>
            <marc:subfield code="r">by David Vaughan --</marc:subfield>
            <marc:subfield code="t">My little old one /</marc:subfield>
            <marc:subfield code="r">Jody Lynn Nye --</marc:subfield>
            <marc:subfield code="t">Tales of a fourth grade shoggoth /</marc:subfield>
            <marc:subfield code="r">by Kevin Wetmore --</marc:subfield>
            <marc:subfield code="t">Friday night at Brazee's /</marc:subfield>
            <marc:subfield code="r">by Mike Resnick --</marc:subfield>
            <marc:subfield code="t">To whatever /</marc:subfield>
            <marc:subfield code="r">by Shaenon K. Garrity --</marc:subfield>
            <marc:subfield code="t">The doom that came to Providence /</marc:subfield>
            <marc:subfield code="r">by Brian Trent --</marc:subfield>
            <marc:subfield code="t">Explaining Cthulhu to grandma /</marc:subfield>
            <marc:subfield code="r">by Alex Shvartsman --</marc:subfield>
            <marc:subfield code="t">The call of the pancake factory /</marc:subfield>
            <marc:subfield code="r">by Ken Liu --</marc:subfield>
            <marc:subfield code="t">The Innsmouth of the south /</marc:subfield>
            <marc:subfield code="r">Rachael K. Jones --</marc:subfield>
            <marc:subfield code="t">WWRD /</marc:subfield>
            <marc:subfield code="r">by Yvonne Navarro --</marc:subfield>
            <marc:subfield code="t">In the employee manual of madness /</marc:subfield>
            <marc:subfield code="r">by G. Scott Huggins --</marc:subfield>
            <marc:subfield code="t">Shoggoth's old peculiar /</marc:subfield>
            <marc:subfield code="r">by Neil Gaiman --</marc:subfield>
            <marc:subfield code="t">H.P. and me /</marc:subfield>
            <marc:subfield code="r">by Gini Koch --</marc:subfield>
            <marc:subfield code="t">The greatest leader /</marc:subfield>
            <marc:subfield code="r">by Aidan Doyle --</marc:subfield>
            <marc:subfield code="t">But someone's got to do it /</marc:subfield>
            <marc:subfield code="r">by Konstantine Paradias --</marc:subfield>
            <marc:subfield code="t">The call of uncopyrighted intellectual property /</marc:subfield>
            <marc:subfield code="r">by Amanda Helms --</marc:subfield>
            <marc:subfield code="t">Cthulhu, P.I. /</marc:subfield>
            <marc:subfield code="r">by Laura Resnick --</marc:subfield>
            <marc:subfield code="t">A stiff bargain /</marc:subfield>
            <marc:subfield code="r">by Matt Mikalatos --</marc:subfield>
            <marc:subfield code="t">The shadow over my dorm room /</marc:subfield>
            <marc:subfield code="r">by Laura Pearlman --</marc:subfield>
            <marc:subfield code="t">The tingling madness /</marc:subfield>
            <marc:subfield code="r">by Lucy A. Snyder --</marc:subfield>
            <marc:subfield code="t">The girl who loved Cthulhu /</marc:subfield>
            <marc:subfield code="r">by Nick Mamatas --</marc:subfield>
            <marc:subfield code="t">About the authors.</marc:subfield>
        </marc:datafield>
        <marc:datafield tag="650" ind1=" " ind2="0">
            <marc:subfield code="a">drama</marc:subfield>
        </marc:datafield>
        <marc:datafield tag="650" ind1=" " ind2="4">
            <marc:subfield code="a">fantasy</marc:subfield>
        </marc:datafield>
        <marc:datafield tag="650" ind1=" " ind2="0">
            <marc:subfield code="a">paranormal</marc:subfield>
        </marc:datafield>
        <marc:datafield tag="650" ind1=" " ind2="4">
            <marc:subfield code="a">fantasy</marc:subfield>
        </marc:datafield>
        <marc:datafield tag="650" ind1=" " ind2="0">
            <marc:subfield code="a">horror</marc:subfield>
        </marc:datafield>
        <marc:datafield tag="650" ind1=" " ind2="0">
            <marc:subfield code="a">science fiction</marc:subfield>
        </marc:datafield>
        <marc:datafield tag="700" ind1="1" ind2=" ">
            <marc:subfield code="a">Lovecraft, H. P.</marc:subfield>
            <marc:subfield code="q">(Howard Phillips)</marc:subfield>
            <marc:subfield code="d">1890-1937</marc:subfield>
            <marc:subfield code="1">http://viaf.org/viaf/66470391</marc:subfield>
        </marc:datafield>
        <marc:datafield tag="700" ind1="1" ind2="2">
            <marc:subfield code="a">Lovecraft, H. P. (Howard Phillips)</marc:subfield>
            <marc:subfield code="d">1890-1937</marc:subfield>
            <marc:subfield code="t">Call of Cthulhu</marc:subfield>
            <marc:subfield code="1">http://viaf.org/viaf/306129374</marc:subfield>
        </marc:datafield>
        <marc:datafield tag="700" ind1="1" ind2="2">
            <marc:subfield code="a">Lovecraft, H. P. (Howard Phillips)</marc:subfield>
            <marc:subfield code="d">1890-1937</marc:subfield>
            <marc:subfield code="t">Tales of the Cthulhu mythos</marc:subfield>
            <marc:subfield code="1">http://viaf.org/viaf/188296005</marc:subfield>
        </marc:datafield>
        <marc:datafield tag="700" ind1="1" ind2="2">
            <marc:subfield code="a">Lovecraft, H. P.</marc:subfield>
            <marc:subfield code="q">(Howard Phillips)</marc:subfield>
            <marc:subfield code="d">1890-1937</marc:subfield>
            <marc:subfield code="e">author</marc:subfield>
            <marc:subfield code="1">http://viaf.org/viaf/66470391</marc:subfield>
        </marc:datafield>
        <marc:datafield tag="700" ind1="1" ind2=" ">
            <marc:subfield code="a">Lovecraft, H. P.</marc:subfield>
            <marc:subfield code="d">1890-1937</marc:subfield>
        </marc:datafield>
        <marc:datafield tag="700" ind1="1" ind2=" ">
            <marc:subfield code="a">Lovecraft, H.P.</marc:subfield>
            <marc:subfield code="d">1890-1937</marc:subfield>
        </marc:datafield>
        <marc:datafield tag="700" ind1="1" ind2=" ">
            <marc:subfield code="a">Lovecraft, HP.</marc:subfield>
            <marc:subfield code="d">1890-1937</marc:subfield>
        </marc:datafield>
        <marc:datafield tag="700" ind1="1" ind2=" ">
            <marc:subfield code="a">Lovecraft, HP</marc:subfield>
            <marc:subfield code="d">1890-1937</marc:subfield>
        </marc:datafield>
        <marc:datafield tag="700" ind1="1" ind2="2">
            <marc:subfield code="a">Shvartsman, Alex</marc:subfield>
            <marc:subfield code="d">1975-</marc:subfield>
            <marc:subfield code="e">author</marc:subfield>
            <marc:subfield code="e">editor,</marc:subfield>
            <marc:subfield code="e">writer of foreword</marc:subfield>
            <marc:subfield code="1">http://viaf.org/viaf/3859153472521445360003</marc:subfield>
        </marc:datafield>
        <marc:datafield tag="700" ind1="1" ind2="2">
            <marc:subfield code="a">Friesner, Esther M.</marc:subfield>
            <marc:subfield code="t">The shunned trailer</marc:subfield>
        </marc:datafield>
        <marc:datafield tag="700" ind1="1" ind2="2">
            <marc:subfield code="a">Vaughan, David </marc:subfield>
            <marc:subfield code="t">The captain in yellow</marc:subfield>
        </marc:datafield>
        <marc:datafield tag="700" ind1="1" ind2="2">
            <marc:subfield code="a">Nye, Jody Lynn </marc:subfield>
            <marc:subfield code="d">1957-</marc:subfield>
            <marc:subfield code="t">My little old one</marc:subfield>
        </marc:datafield>
        <marc:datafield tag="700" ind1="1" ind2="2">
            <marc:subfield code="a">Wetmore, Kevin J. </marc:subfield>
            <marc:subfield code="c">Jr.</marc:subfield>
            <marc:subfield code="d">1969-</marc:subfield>
            <marc:subfield code="t">Tales of a fourth grade shoggoth</marc:subfield>
        </marc:datafield>
        <marc:datafield tag="700" ind1="1" ind2="2">
            <marc:subfield code="a">Resnick, Michael D. </marc:subfield>
            <marc:subfield code="t">Friday night at Brazee's</marc:subfield>
        </marc:datafield>
        <marc:datafield tag="700" ind1="1" ind2="2">
            <marc:subfield code="a">Garrity, Shaenon </marc:subfield>
            <marc:subfield code="d">1978-</marc:subfield>
            <marc:subfield code="t">To whatever</marc:subfield>
        </marc:datafield>
        <marc:datafield tag="700" ind1="1" ind2="2">
            <marc:subfield code="a">Trent, Brian</marc:subfield>
            <marc:subfield code="t">The doom that came to Providence</marc:subfield>
        </marc:datafield>
        <marc:datafield tag="700" ind1="1" ind2="2">
            <marc:subfield code="a">Liu, Ken </marc:subfield>
            <marc:subfield code="d">1976-</marc:subfield>
            <marc:subfield code="t">The call of the pancake factory</marc:subfield>
        </marc:datafield>
        <marc:datafield tag="700" ind1="1" ind2="2">
            <marc:subfield code="a">Jones, Rachael K</marc:subfield>
            <marc:subfield code="t">The Innsmouth of the south</marc:subfield>
        </marc:datafield>
        <marc:datafield tag="700" ind1="1" ind2="2">
            <marc:subfield code="a">Navarro, Yvonne</marc:subfield>
            <marc:subfield code="d">1957-</marc:subfield>
            <marc:subfield code="t">WWRD</marc:subfield>
        </marc:datafield>
        <marc:datafield tag="700" ind1="1" ind2="2">
            <marc:subfield code="a">Huggins, Scott G.</marc:subfield>
            <marc:subfield code="t">In the employee manual of madness</marc:subfield>
        </marc:datafield>
        <marc:datafield tag="700" ind1="1" ind2="2">
            <marc:subfield code="a">Gaiman, Neil</marc:subfield>
            <marc:subfield code="t">Shoggoth's old peculiar</marc:subfield>
        </marc:datafield>
        <marc:datafield tag="700" ind1="1" ind2="2">
            <marc:subfield code="a">Koch, Gini </marc:subfield>
            <marc:subfield code="t">H.P. and me</marc:subfield>
        </marc:datafield>
        <marc:datafield tag="700" ind1="1" ind2="2">
            <marc:subfield code="a">Doyle, Aidan </marc:subfield>
            <marc:subfield code="t">The greatest leader</marc:subfield>
        </marc:datafield>
        <marc:datafield tag="700" ind1="1" ind2="2">
            <marc:subfield code="a">Paradias, Konstantine</marc:subfield>
            <marc:subfield code="d">1985-</marc:subfield>
            <marc:subfield code="t">But someone's got to do it</marc:subfield>
        </marc:datafield>
        <marc:datafield tag="700" ind1="1" ind2="2">
            <marc:subfield code="a">Helms, Amanda</marc:subfield>
            <marc:subfield code="t">The call of uncopyrighted intellectual property</marc:subfield>
        </marc:datafield>
        <marc:datafield tag="700" ind1="1" ind2="2">
            <marc:subfield code="a">Resnick, Laura </marc:subfield>
            <marc:subfield code="d">1962-</marc:subfield>
            <marc:subfield code="t">Cthulhu, P.I.</marc:subfield>
        </marc:datafield>
        <marc:datafield tag="700" ind1="1" ind2="2">
            <marc:subfield code="a">Mikalatos, Matt </marc:subfield>
            <marc:subfield code="t">A stiff bargain</marc:subfield>
        </marc:datafield>
        <marc:datafield tag="700" ind1="1" ind2="2">
            <marc:subfield code="a">Pearlman, Laura</marc:subfield>
            <marc:subfield code="t">The shadow over my dorm room</marc:subfield>
        </marc:datafield>
        <marc:datafield tag="700" ind1="1" ind2="2">
            <marc:subfield code="a">Snyder, Lucy A.</marc:subfield>
            <marc:subfield code="d">1971-</marc:subfield>
            <marc:subfield code="t">The tingling madness</marc:subfield>
        </marc:datafield>
        <marc:datafield tag="700" ind1="1" ind2="2">
            <marc:subfield code="a">Mamatas, Nick</marc:subfield>
            <marc:subfield code="t">The girl who loved Cthulhu</marc:subfield>
        </marc:datafield>
    </marc:record>