
    <marc:record>
        <marc:leader>04904cam a2200745 i 4500</marc:leader>
        <marc:controlfield tag="001">18350694</marc:controlfield>
        <marc:controlfield tag="005">20141028095830.0</marc:controlfield>
        <marc:controlfield tag="007">ta</marc:controlfield>
        <marc:controlfield tag="008">141028m20129999enka     6    000 1 eng  </marc:controlfield>
        <marc:datafield tag="020" ind1=" " ind2=" ">
            <marc:subfield code="a">9781906838539</marc:subfield>
            <marc:subfield code="q">v. 1 : pbk.</marc:subfield>
        </marc:datafield>
        <marc:datafield tag="020" ind1=" " ind2=" ">
            <marc:subfield code="a">1906838534</marc:subfield>
            <marc:subfield code="q">v. 1 : pbk.</marc:subfield>
        </marc:datafield>
        <marc:datafield tag="020" ind1=" " ind2=" ">
            <marc:subfield code="a">9781906838430</marc:subfield>
            <marc:subfield code="q">v. 2 : pbk.</marc:subfield>
        </marc:datafield>
        <marc:datafield tag="020" ind1=" " ind2=" ">
            <marc:subfield code="a">1906838437</marc:subfield>
            <marc:subfield code="q">v. 2 : pbk.</marc:subfield>
        </marc:datafield>
        <marc:datafield tag="040" ind1=" " ind2=" ">
            <marc:subfield code="a">DLC</marc:subfield>
            <marc:subfield code="b">eng</marc:subfield>
            <marc:subfield code="e">rda</marc:subfield>
            <marc:subfield code="c">DLC</marc:subfield>
        </marc:datafield>
        <marc:datafield tag="041" ind1="1" ind2=" ">
            <marc:subfield code="a">eng</marc:subfield>
        </marc:datafield>
        <marc:datafield tag="100" ind1="1" ind2=" ">
            <marc:subfield code="a">Lockwood, Dan</marc:subfield>
            <marc:subfield code="4">edt</marc:subfield>
            <marc:subfield code="1">http://viaf.org/viaf/257731961</marc:subfield>
        </marc:datafield>
        <marc:datafield tag="240" ind1="1" ind2="0">
            <marc:subfield code="a">Lovecraft, H. P. (Howard Phillips), 1890-1937. | Short stories. Selections</marc:subfield>
            <marc:subfield code="1">http://viaf.org/viaf/305018632</marc:subfield>
        </marc:datafield>
        <marc:datafield tag="245" ind1="0" ind2="4">
            <marc:subfield code="a">The Lovecraft anthology</marc:subfield>
            <marc:subfield code="b">a graphic collection of H.P. Lovecraft's short stories</marc:subfield>
            <marc:subfield code="c">edited by Dan Lockwood.</marc:subfield>
        </marc:datafield>
        <marc:datafield tag="264" ind1=" " ind2="1">
            <marc:subfield code="a">London</marc:subfield>
            <marc:subfield code="b">SelfMadeHero</marc:subfield>
            <marc:subfield code="c">2012-</marc:subfield>
        </marc:datafield>
        <marc:datafield tag="300" ind1=" " ind2=" ">
            <marc:subfield code="a">volumes</marc:subfield>
            <marc:subfield code="b">color illustrations</marc:subfield>
            <marc:subfield code="c">25 cm</marc:subfield>
        </marc:datafield>
        <marc:datafield tag="336" ind1=" " ind2=" ">
            <marc:subfield code="a">text</marc:subfield>
            <marc:subfield code="b">txt</marc:subfield>
            <marc:subfield code="2">rdacontent</marc:subfield>
        </marc:datafield>
        <marc:datafield tag="337" ind1=" " ind2=" ">
            <marc:subfield code="a">unmediated</marc:subfield>
            <marc:subfield code="b">n</marc:subfield>
            <marc:subfield code="2">rdamedia</marc:subfield>
        </marc:datafield>
        <marc:datafield tag="338" ind1=" " ind2=" ">
            <marc:subfield code="a">volume</marc:subfield>
            <marc:subfield code="b">nc</marc:subfield>
            <marc:subfield code="2">rdacarrier</marc:subfield>
        </marc:datafield>
        <marc:datafield tag="380" ind1=" " ind2=" ">
            <marc:subfield code="a">Graphic novel</marc:subfield>
        </marc:datafield>
        <marc:datafield tag="380" ind1=" " ind2=" ">
            <marc:subfield code="a">Short story collection</marc:subfield>
        </marc:datafield>
        <marc:datafield tag="505" ind1="0" ind2=" ">
            <marc:subfield code="a">[V.1] The call of Cthulhu / adapted by Ian Edginton ; illustrated by D'Israeli -- The haunter of the dark / adapted by Dan Lockwood ; illustrated by Shane Ivan Oakley -- The Dunwich horror / adapted by Rob Davis ; illustrated by I.N.J. Culbard -- The colour out of space / adapted by David Hine ; illustrated by Mark Stafford -- The shadow over Innsmouth / adapted by Leah Moore &amp; John Reppion ; illustrated by Leigh Gallagher -- The rats in the walls / adapted by Dan Lockwood ; illustrated by David Hartman -- Dagon / adapted by Dan Lockwood ; illustrated by Alice Duke ; [V.2]  Pickman's model / adapted by Jamie Delano ; illustrated by Steve Pugh -- The temple / adapted by Chris Lackey ; illustrated by Adrian Salmon -- From beyond / adapted by David Camus ; illustrated by Nicolas Fructus -- He / adapted by Dwight L. MacPherson ; illustrated by Paul Peart-Smith -- The hound / adapted by Chad Fifer ; illustrated by Bryan Baugh -- The nameless city / adapted by Pat Mills ; illustrated by Attila Futaki -- The picture in the house / adapted by Benjamin Dickson ; illustrated by Mick McMahon -- The festival / adapted by Simon Spurrier ; illustrated by Matt Timson -- The statement of Randolph Carter / adapted by Dan Lockwood ; illustrated by Warwick Johnson Cadwell.</marc:subfield>
        </marc:datafield>
        <marc:datafield tag="650" ind1=" " ind2="0">
            <marc:subfield code="a">horror</marc:subfield>
        </marc:datafield>
        <marc:datafield tag="650" ind1=" " ind2="4">
            <marc:subfield code="a">fantasy</marc:subfield>
        </marc:datafield>
        <marc:datafield tag="650" ind1=" " ind2="0">
            <marc:subfield code="a">paranormal</marc:subfield>
        </marc:datafield>
        <marc:datafield tag="650" ind1=" " ind2="0">
            <marc:subfield code="a">science fiction</marc:subfield>
        </marc:datafield>
        <marc:datafield tag="700" ind1="1" ind2=" ">
            <marc:subfield code="a">Edginton, Ian</marc:subfield>
            <marc:subfield code="d">1969-</marc:subfield>
            <marc:subfield code="e">adapter</marc:subfield>
            <marc:subfield code="1">http://viaf.org/viaf/84511870</marc:subfield>
        </marc:datafield>
        <marc:datafield tag="700" ind1="1" ind2=" ">
            <marc:subfield code="a">D'Israeli</marc:subfield>
            <marc:subfield code="e">illustrator</marc:subfield>
            <marc:subfield code="1">http://viaf.org/viaf/156273013</marc:subfield>
        </marc:datafield>
        <marc:datafield tag="700" ind1="1" ind2=" ">
            <marc:subfield code="a">Oakley, Shane Ivan</marc:subfield>
            <marc:subfield code="e">illustrator</marc:subfield>
            <marc:subfield code="1">http://viaf.org/viaf/305863207</marc:subfield>
        </marc:datafield>
        <marc:datafield tag="700" ind1="1" ind2=" ">
            <marc:subfield code="a">Davis, Rob</marc:subfield>
            <marc:subfield code="e">adapter</marc:subfield>
            <marc:subfield code="1">http://viaf.org/viaf/35345099</marc:subfield>
        </marc:datafield>
        <marc:datafield tag="700" ind1="1" ind2=" ">
            <marc:subfield code="a">Culbard, Ian</marc:subfield>
            <marc:subfield code="q">(I.N.J.)</marc:subfield>
            <marc:subfield code="e">illustrator</marc:subfield>
            <marc:subfield code="1">http://viaf.org/viaf/38847084</marc:subfield>
        </marc:datafield>
        <marc:datafield tag="700" ind1="1" ind2=" ">
            <marc:subfield code="a">Hine, David</marc:subfield>
            <marc:subfield code="e">adapter</marc:subfield>
            <marc:subfield code="1">http://viaf.org/viaf/103670458</marc:subfield>
        </marc:datafield>
        <marc:datafield tag="700" ind1="1" ind2=" ">
            <marc:subfield code="a">Stafford, Mark</marc:subfield>
            <marc:subfield code="e">illustrator</marc:subfield>
            <marc:subfield code="1">http://viaf.org/viaf/167033720</marc:subfield>
        </marc:datafield>
        <marc:datafield tag="700" ind1="1" ind2=" ">
            <marc:subfield code="a">Moore, Leah</marc:subfield>
            <marc:subfield code="e">adapter</marc:subfield>
            <marc:subfield code="1">http://viaf.org/viaf/120769039</marc:subfield>
        </marc:datafield>
        <marc:datafield tag="700" ind1="1" ind2=" ">
            <marc:subfield code="a">Reppion, John</marc:subfield>
            <marc:subfield code="e">adapter</marc:subfield>
            <marc:subfield code="1">http://viaf.org/viaf/120769041</marc:subfield>
        </marc:datafield>
        <marc:datafield tag="700" ind1="1" ind2=" ">
            <marc:subfield code="a">Hartman, David</marc:subfield>
            <marc:subfield code="e">illustrator</marc:subfield>
            <marc:subfield code="1">http://viaf.org/viaf/287576852</marc:subfield>
        </marc:datafield>
        <marc:datafield tag="700" ind1="1" ind2=" ">
            <marc:subfield code="a">Duke, Alice</marc:subfield>
            <marc:subfield code="e">illustrator</marc:subfield>
            <marc:subfield code="1">http://viaf.org/viaf/313489793</marc:subfield>
        </marc:datafield>
        <marc:datafield tag="700" ind1="1" ind2=" ">
            <marc:subfield code="a">Delano, Jamie</marc:subfield>
            <marc:subfield code="d">1954-</marc:subfield>
            <marc:subfield code="e">adapter</marc:subfield>
            <marc:subfield code="1">http://viaf.org/viaf/59214548</marc:subfield>
        </marc:datafield>
        <marc:datafield tag="700" ind1="1" ind2=" ">
            <marc:subfield code="a">Pugh, Steve</marc:subfield>
            <marc:subfield code="d">1966-</marc:subfield>
            <marc:subfield code="e">illustrator</marc:subfield>
            <marc:subfield code="1">http://viaf.org/viaf/162335962</marc:subfield>
        </marc:datafield>
        <marc:datafield tag="700" ind1="1" ind2=" ">
            <marc:subfield code="a">Lackey, Chris</marc:subfield>
            <marc:subfield code="e">adapter</marc:subfield>
        </marc:datafield>
        <marc:datafield tag="700" ind1="1" ind2=" ">
            <marc:subfield code="a">Salmon, Adrian</marc:subfield>
            <marc:subfield code="e">illustrator</marc:subfield>
            <marc:subfield code="1">http://viaf.org/viaf/73374992</marc:subfield>
        </marc:datafield>
        <marc:datafield tag="700" ind1="1" ind2=" ">
            <marc:subfield code="a">Camus, David</marc:subfield>
            <marc:subfield code="e">adapter</marc:subfield>
        </marc:datafield>
        <marc:datafield tag="700" ind1="1" ind2=" ">
            <marc:subfield code="a">Fructus, Nicolas</marc:subfield>
            <marc:subfield code="e">illsutrator</marc:subfield>
            <marc:subfield code="1">http://viaf.org/viaf/141379</marc:subfield>
        </marc:datafield>
        <marc:datafield tag="700" ind1="1" ind2=" ">
            <marc:subfield code="a">MacPherson, Dwight L.</marc:subfield>
            <marc:subfield code="e">adapter</marc:subfield>
            <marc:subfield code="1">http://viaf.org/viaf/103514336</marc:subfield>
        </marc:datafield>
        <marc:datafield tag="700" ind1="1" ind2=" ">
            <marc:subfield code="a">Peart-Smith, Paul</marc:subfield>
            <marc:subfield code="e">illustrator</marc:subfield>
            <marc:subfield code="1">http://viaf.org/viaf/226108339</marc:subfield>
        </marc:datafield>
        <marc:datafield tag="700" ind1="1" ind2=" ">
            <marc:subfield code="a">Fifer, Chad</marc:subfield>
            <marc:subfield code="e">adapter</marc:subfield>
            <marc:subfield code="1">http://viaf.org/viaf/53947639</marc:subfield>
        </marc:datafield>
        <marc:datafield tag="700" ind1="1" ind2=" ">
            <marc:subfield code="a">Baugh, Bryan</marc:subfield>
            <marc:subfield code="e">illustrator</marc:subfield>
            <marc:subfield code="1">http://viaf.org/viaf/16508805</marc:subfield>
        </marc:datafield>
        <marc:datafield tag="700" ind1="1" ind2=" ">
            <marc:subfield code="a">Mills, Pat</marc:subfield>
            <marc:subfield code="d">1949-</marc:subfield>
            <marc:subfield code="e">adapter</marc:subfield>
            <marc:subfield code="1">http://viaf.org/viaf/12342069</marc:subfield>
        </marc:datafield>
        <marc:datafield tag="700" ind1="1" ind2=" ">
            <marc:subfield code="a">Futaki, Attila</marc:subfield>
            <marc:subfield code="d">1984-</marc:subfield>
            <marc:subfield code="e">illustrator</marc:subfield>
            <marc:subfield code="1">http://viaf.org/viaf/34789161</marc:subfield>
        </marc:datafield>
        <marc:datafield tag="700" ind1="1" ind2=" ">
            <marc:subfield code="a">Dickson, Benjamin</marc:subfield>
            <marc:subfield code="e">adapter</marc:subfield>
            <marc:subfield code="1">http://viaf.org/viaf/158540168</marc:subfield>
        </marc:datafield>
        <marc:datafield tag="700" ind1="1" ind2=" ">
            <marc:subfield code="a">McMahon, Mick</marc:subfield>
            <marc:subfield code="d">1954-</marc:subfield>
            <marc:subfield code="e">illustrator</marc:subfield>
            <marc:subfield code="1">http://viaf.org/viaf/26656688</marc:subfield>
        </marc:datafield>
        <marc:datafield tag="700" ind1="1" ind2=" ">
            <marc:subfield code="a">Spurrier, Simon</marc:subfield>
            <marc:subfield code="d">1982-</marc:subfield>
            <marc:subfield code="e">adapter</marc:subfield>
            <marc:subfield code="1">http://viaf.org/viaf/102415070</marc:subfield>
        </marc:datafield>
        <marc:datafield tag="700" ind1="1" ind2=" ">
            <marc:subfield code="a">Timson, Matt</marc:subfield>
            <marc:subfield code="e">illustrator</marc:subfield>
            <marc:subfield code="1">http://viaf.org/viaf/169313644</marc:subfield>
        </marc:datafield>
        <marc:datafield tag="700" ind1="1" ind2=" ">
            <marc:subfield code="a">Lockwood, Dan</marc:subfield>
            <marc:subfield code="e">adapter</marc:subfield>
            <marc:subfield code="1">http://viaf.org/viaf/257731961</marc:subfield>
        </marc:datafield>
        <marc:datafield tag="700" ind1="1" ind2=" ">
            <marc:subfield code="a">Cadwell, Warwick Johnson</marc:subfield>
            <marc:subfield code="e">illustrator</marc:subfield>
            <marc:subfield code="1">http://viaf.org/viaf/302144928078154341222</marc:subfield>
        </marc:datafield>
        <marc:datafield tag="700" ind1="1" ind2=" ">
            <marc:subfield code="a">Lovecraft, H. P.</marc:subfield>
            <marc:subfield code="q">(Howard Phillips)</marc:subfield>
            <marc:subfield code="d">1890-1937</marc:subfield>
            <marc:subfield code="i">http://rdaregistry.info/termList/RDATerms/1003</marc:subfield>
            <marc:subfield code="t">Short stories</marc:subfield>
            <marc:subfield code="k">Selections</marc:subfield>
        </marc:datafield>
        <marc:datafield tag="700" ind1="1" ind2=" ">
            <marc:subfield code="a">Lovecraft, H. P.</marc:subfield>
            <marc:subfield code="q">(Howard Phillips)</marc:subfield>
            <marc:subfield code="d">1890-1937</marc:subfield>
            <marc:subfield code="e">author</marc:subfield>
            <marc:subfield code="1">http://viaf.org/viaf/66470391</marc:subfield>
        </marc:datafield>
        <marc:datafield tag="700" ind1="1" ind2=" ">
            <marc:subfield code="a">Lovecraft, H. P.</marc:subfield>
            <marc:subfield code="d">1890-1937</marc:subfield>
            <marc:subfield code="e">author</marc:subfield>
        </marc:datafield>
        <marc:datafield tag="700" ind1="1" ind2=" ">
            <marc:subfield code="a">Lovecraft, H.P.</marc:subfield>
            <marc:subfield code="d">1890-1937</marc:subfield>
        </marc:datafield>
        <marc:datafield tag="700" ind1="1" ind2=" ">
            <marc:subfield code="a">Lovecraft, HP.</marc:subfield>
            <marc:subfield code="d">1890-1937</marc:subfield>
        </marc:datafield>
        <marc:datafield tag="700" ind1="1" ind2=" ">
            <marc:subfield code="a">Lovecraft, HP</marc:subfield>
            <marc:subfield code="d">1890-1937</marc:subfield>
        </marc:datafield>
    </marc:record>