
    <marc:record>
        <marc:leader>02033cam a2200361 i 4500</marc:leader>
        <marc:controlfield tag="001">18398226</marc:controlfield>
        <marc:controlfield tag="005">20160218135727.0</marc:controlfield>
        <marc:controlfield tag="007">ta</marc:controlfield>
        <marc:controlfield tag="008">150911s2012    xxk|     6    001 1 eng c</marc:controlfield>
        <marc:datafield tag="020" ind1=" " ind2=" ">
            <marc:subfield code="a">9781906838355</marc:subfield>
            <marc:subfield code="q">pbk.</marc:subfield>
        </marc:datafield>
        <marc:datafield tag="020" ind1=" " ind2=" ">
            <marc:subfield code="a">1906838356</marc:subfield>
            <marc:subfield code="q">pbk.</marc:subfield>
        </marc:datafield>
        <marc:datafield tag="040" ind1=" " ind2=" ">
            <marc:subfield code="a">UKMGB</marc:subfield>
            <marc:subfield code="b">eng</marc:subfield>
            <marc:subfield code="e">rda</marc:subfield>
            <marc:subfield code="c">UKMGB</marc:subfield>
            <marc:subfield code="d">DLC</marc:subfield>
            <marc:subfield code="d">CDX</marc:subfield>
            <marc:subfield code="d">IZ8</marc:subfield>
            <marc:subfield code="d">YDXCP</marc:subfield>
            <marc:subfield code="d">VP@</marc:subfield>
            <marc:subfield code="d">NZOPM</marc:subfield>
            <marc:subfield code="d">BWX</marc:subfield>
            <marc:subfield code="d">GK8</marc:subfield>
            <marc:subfield code="d">CUI</marc:subfield>
            <marc:subfield code="d">IUL</marc:subfield>
            <marc:subfield code="d">OCLCO</marc:subfield>
            <marc:subfield code="d">OVY</marc:subfield>
            <marc:subfield code="d">OCLCO</marc:subfield>
            <marc:subfield code="d">RBN</marc:subfield>
            <marc:subfield code="d">OCLCF</marc:subfield>
            <marc:subfield code="d">Gbg</marc:subfield>
        </marc:datafield>
        <marc:datafield tag="041" ind1=" " ind2=" ">
            <marc:subfield code="a">eng</marc:subfield>
        </marc:datafield>
        <marc:datafield tag="100" ind1="1" ind2=" ">
            <marc:subfield code="a">Culbard, Ian</marc:subfield>
            <marc:subfield code="4">adp</marc:subfield>
            <marc:subfield code="1">http://viaf.org/viaf/38847084</marc:subfield>
        </marc:datafield>
        <marc:datafield tag="240" ind1="1" ind2="0">
            <marc:subfield code="a">Lovecraft, H. P. (Howard Phillips), 1890-1937. | Case of charles dexter ward</marc:subfield>
            <marc:subfield code="1">http://viaf.org/viaf/312342035</marc:subfield>
        </marc:datafield>
        <marc:datafield tag="245" ind1="1" ind2="4">
            <marc:subfield code="a">The Case of Charles Dexter Ward</marc:subfield>
            <marc:subfield code="b">a graphic novel /</marc:subfield>
            <marc:subfield code="c">adapted from the original novel by H.P. Lovecraft ; text adapted and illustrated by I.N.J. Culbard</marc:subfield>
        </marc:datafield>
        <marc:datafield tag="264" ind1=" " ind2="1">
            <marc:subfield code="a">London </marc:subfield>
            <marc:subfield code="b">SelfMadeHero</marc:subfield>
            <marc:subfield code="c">2012</marc:subfield>
        </marc:datafield>
        <marc:datafield tag="300" ind1=" " ind2=" ">
            <marc:subfield code="a">1 volume (unpaged)</marc:subfield>
            <marc:subfield code="b">chiefly color illustrations</marc:subfield>
            <marc:subfield code="c">25 cm</marc:subfield>
        </marc:datafield>
        <marc:datafield tag="336" ind1=" " ind2=" ">
            <marc:subfield code="a">text</marc:subfield>
            <marc:subfield code="b">txt</marc:subfield>
            <marc:subfield code="2">rdacontent</marc:subfield>
        </marc:datafield>
        <marc:datafield tag="337" ind1=" " ind2=" ">
            <marc:subfield code="a">unmediated</marc:subfield>
            <marc:subfield code="b">n</marc:subfield>
            <marc:subfield code="2">rdamedia</marc:subfield>
        </marc:datafield>
        <marc:datafield tag="338" ind1=" " ind2=" ">
            <marc:subfield code="a">volume</marc:subfield>
            <marc:subfield code="b">nc</marc:subfield>
            <marc:subfield code="2">rdacarrier</marc:subfield>
        </marc:datafield>
        <marc:datafield tag="380" ind1=" " ind2=" ">
            <marc:subfield code="a">Graphic novel</marc:subfield>
        </marc:datafield>
        <marc:datafield tag="500" ind1=" " ind2=" ">
            <marc:subfield code="a">Providence, Rhode Island, 1928. A dangerous inmate disappears from a private hospital for the insane, his method of escape baffling the authorities. Only the patient's final visitor, family physician Dr. Marinus Bicknell Willett - himself a piece of the puzzle - holds the key to unlocking the mystery. A macabre mixture of historical investigation, grave-robbing and bone-chilling revelation, this adaptation artfully lays bare one of H.P. Lovecraft's most horrifying creations.</marc:subfield>
        </marc:datafield>
        <marc:datafield tag="650" ind1=" " ind2="0">
            <marc:subfield code="a">horror</marc:subfield>
        </marc:datafield>
        <marc:datafield tag="650" ind1=" " ind2="4">
            <marc:subfield code="a">fantasy</marc:subfield>
        </marc:datafield>
        <marc:datafield tag="650" ind1=" " ind2="0">
            <marc:subfield code="a">crime</marc:subfield>
        </marc:datafield>
        <marc:datafield tag="700" ind1="1" ind2=" ">
            <marc:subfield code="i">Graphic novelization of (work)</marc:subfield>
            <marc:subfield code="a">Lovecraft, H. P.</marc:subfield>
            <marc:subfield code="q">(Howard Phillips)</marc:subfield>
            <marc:subfield code="d">1890-1937</marc:subfield>
            <marc:subfield code="t">Case of Charles Dexter Ward</marc:subfield>
            <marc:subfield code="0">264843</marc:subfield>
        </marc:datafield>
        <marc:datafield tag="700" ind1="1" ind2=" ">
            <marc:subfield code="a">Culbard, Ian</marc:subfield>
            <marc:subfield code="q">(I.N.J.)</marc:subfield>
            <marc:subfield code="e">illustrator</marc:subfield>
            <marc:subfield code="1">http://viaf.org/viaf/38847084</marc:subfield>
        </marc:datafield>
        <marc:datafield tag="700" ind1="1" ind2=" ">
            <marc:subfield code="a">Lovecraft, H. P.</marc:subfield>
            <marc:subfield code="q">(Howard Phillips)</marc:subfield>
            <marc:subfield code="d">1890-1937</marc:subfield>
            <marc:subfield code="e">author</marc:subfield>
            <marc:subfield code="1">http://viaf.org/viaf/66470391</marc:subfield>
        </marc:datafield>
        <marc:datafield tag="700" ind1="1" ind2=" ">
            <marc:subfield code="a">Lovecraft, H. P.</marc:subfield>
            <marc:subfield code="d">1890-1937</marc:subfield>
        </marc:datafield>
        <marc:datafield tag="700" ind1="1" ind2=" ">
            <marc:subfield code="a">Lovecraft, H.P.</marc:subfield>
            <marc:subfield code="d">1890-1937</marc:subfield>
        </marc:datafield>
        <marc:datafield tag="700" ind1="1" ind2=" ">
            <marc:subfield code="a">Lovecraft, HP.</marc:subfield>
            <marc:subfield code="d">1890-1937</marc:subfield>
        </marc:datafield>
        <marc:datafield tag="700" ind1="1" ind2=" ">
            <marc:subfield code="a">Lovecraft, HP</marc:subfield>
            <marc:subfield code="d">1890-1937</marc:subfield>
        </marc:datafield>
    </marc:record>