
    <marc:record>
        <marc:leader>01021nam a22002413i 4500</marc:leader>
        <marc:controlfield tag="001">000011370605</marc:controlfield>
        <marc:controlfield tag="007">ta</marc:controlfield>
        <marc:controlfield tag="008">900308s1957    nyu|||||      ||||f eng d</marc:controlfield>
        <marc:datafield tag="041" ind1="1" ind2=" ">
            <marc:subfield code="a">eng</marc:subfield>
        </marc:datafield>
        <marc:datafield tag="100" ind1="1" ind2=" ">
            <marc:subfield code="a">Wilde, Oscar</marc:subfield>
            <marc:subfield code="d">1854-1900</marc:subfield>
            <marc:subfield code="4">aut</marc:subfield>
            <marc:subfield code="1">http://viaf.org/viaf/34464414</marc:subfield>
        </marc:datafield>
        <marc:datafield tag="240" ind1=" " ind2=" ">
            <marc:subfield code="a">Wilde, Oscar, 1854-1900. | Picture of Dorian Gray</marc:subfield>
            <marc:subfield code="1">http://viaf.org/viaf/186701310</marc:subfield>
        </marc:datafield>
        <marc:datafield tag="245" ind1="1" ind2="4">
            <marc:subfield code="a">The picture of Dorian Gray</marc:subfield>
            <marc:subfield code="c">Wilde, Oscar ;with an introduction by André Maurois and illustrations by Lucille Corcos</marc:subfield>
        </marc:datafield>
        <marc:datafield tag="264" ind1=" " ind2="1">
            <marc:subfield code="a">New York</marc:subfield>
            <marc:subfield code="b">Printed for Members of the Limited Editions Club</marc:subfield>
            <marc:subfield code="c">1957</marc:subfield>
        </marc:datafield>
        <marc:datafield tag="300" ind1=" " ind2=" ">
            <marc:subfield code="a">xv, 286 s.</marc:subfield>
            <marc:subfield code="b">col. ill</marc:subfield>
            <marc:subfield code="c">29 cm</marc:subfield>
        </marc:datafield>
        <marc:datafield tag="336" ind1=" " ind2=" ">
            <marc:subfield code="a">text</marc:subfield>
            <marc:subfield code="b">txt</marc:subfield>
            <marc:subfield code="2">rdacontent</marc:subfield>
        </marc:datafield>
        <marc:datafield tag="337" ind1=" " ind2=" ">
            <marc:subfield code="a">unmediated</marc:subfield>
            <marc:subfield code="b">n</marc:subfield>
            <marc:subfield code="2">rdamedia</marc:subfield>
        </marc:datafield>
        <marc:datafield tag="338" ind1=" " ind2=" ">
            <marc:subfield code="a">volume</marc:subfield>
            <marc:subfield code="b">nc</marc:subfield>
            <marc:subfield code="2">rdacarrier</marc:subfield>
        </marc:datafield>
        <marc:datafield tag="380" ind1=" " ind2=" ">
            <marc:subfield code="a">Fiction</marc:subfield>
        </marc:datafield>
        <marc:datafield tag="650" ind1=" " ind2="4">
            <marc:subfield code="a">fantasy</marc:subfield>
        </marc:datafield>
        <marc:datafield tag="650" ind1=" " ind2="0">
            <marc:subfield code="a">drama</marc:subfield>
        </marc:datafield>
        <marc:datafield tag="700" ind1="1" ind2=" ">
            <marc:subfield code="a">Wilde, Oscar</marc:subfield>
            <marc:subfield code="d">1854-1900</marc:subfield>
            <marc:subfield code="e">author</marc:subfield>
            <marc:subfield code="1">http://viaf.org/viaf/34464414</marc:subfield>
        </marc:datafield>
        <marc:datafield tag="700" ind1="1" ind2=" ">
            <marc:subfield code="a">Maurois, André</marc:subfield>
            <marc:subfield code="d">1885-1967</marc:subfield>
            <marc:subfield code="e">introduction writer</marc:subfield>
            <marc:subfield code="1">http://viaf.org/viaf/64009119</marc:subfield>
        </marc:datafield>
        <marc:datafield tag="700" ind1="1" ind2=" ">
            <marc:subfield code="a">Corcos, Lucille</marc:subfield>
            <marc:subfield code="d">1908-1973</marc:subfield>
            <marc:subfield code="i">llustrator</marc:subfield>
            <marc:subfield code="1">http://viaf.org/viaf/43287743</marc:subfield>
        </marc:datafield>
    </marc:record>