
    <marc:record>
        <marc:leader>01649nam a22003251i 450 </marc:leader>
        <marc:controlfield tag="001">02620936</marc:controlfield>
        <marc:controlfield tag="007">ta</marc:controlfield>
        <marc:controlfield tag="008">000000s1979    uik           00| j eng d</marc:controlfield>
        <marc:datafield tag="020" ind1=" " ind2=" ">
            <marc:subfield code="a">0192510010</marc:subfield>
        </marc:datafield>
        <marc:datafield tag="041" ind1="1" ind2=" ">
            <marc:subfield code="a">eng</marc:subfield>
        </marc:datafield>
        <marc:datafield tag="100" ind1="1" ind2=" ">
            <marc:subfield code="a">Wilde, Oscar</marc:subfield>
            <marc:subfield code="d">1854-1900</marc:subfield>
            <marc:subfield code="4">aut</marc:subfield>
            <marc:subfield code="1">http://viaf.org/viaf/34464414</marc:subfield>
        </marc:datafield>
        <marc:datafield tag="240" ind1="1" ind2="0">
            <marc:subfield code="a">Wilde, Oscar, 1854-1900. | Short stories</marc:subfield>
            <marc:subfield code="1">http://viaf.org/viaf/4970147270697935700008</marc:subfield>
        </marc:datafield>
        <marc:datafield tag="245" ind1="1" ind2="4">
            <marc:subfield code="a">The complete shorter fiction of Oscar Wilde</marc:subfield>
            <marc:subfield code="c">edited with an introduction by Isobel Murray</marc:subfield>
        </marc:datafield>
        <marc:datafield tag="264" ind1=" " ind2="1">
            <marc:subfield code="a">Oxford</marc:subfield>
            <marc:subfield code="b">Oxford University Press</marc:subfield>
            <marc:subfield code="c">1979</marc:subfield>
        </marc:datafield>
        <marc:datafield tag="300" ind1=" " ind2=" ">
            <marc:subfield code="a">271 s.</marc:subfield>
        </marc:datafield>
        <marc:datafield tag="336" ind1=" " ind2=" ">
            <marc:subfield code="a">text</marc:subfield>
            <marc:subfield code="b">txt</marc:subfield>
            <marc:subfield code="2">rdacontent</marc:subfield>
        </marc:datafield>
        <marc:datafield tag="337" ind1=" " ind2=" ">
            <marc:subfield code="a">unmediated</marc:subfield>
            <marc:subfield code="b">n</marc:subfield>
            <marc:subfield code="2">rdamedia</marc:subfield>
        </marc:datafield>
        <marc:datafield tag="338" ind1=" " ind2=" ">
            <marc:subfield code="a">volume</marc:subfield>
            <marc:subfield code="b">nc</marc:subfield>
            <marc:subfield code="2">rdacarrier</marc:subfield>
        </marc:datafield>
        <marc:datafield tag="380" ind1=" " ind2=" ">
            <marc:subfield code="a">Short story collection</marc:subfield>
        </marc:datafield>
        <marc:datafield tag="505" ind1="0" ind2=" ">
            <marc:subfield code="a">Indhold: Lord Arthur Savile's crime and other stories -- The happy prince and other tales -- The portrait of Mr. W.H. -- A house of pomegranates -- Poems in prose.</marc:subfield>
        </marc:datafield>
        <marc:datafield tag="650" ind1=" " ind2="0">
            <marc:subfield code="a">drama</marc:subfield>
        </marc:datafield>
        <marc:datafield tag="650" ind1=" " ind2="0">
            <marc:subfield code="a">crime</marc:subfield>
        </marc:datafield>
        <marc:datafield tag="650" ind1=" " ind2="4">
            <marc:subfield code="a">fantasy</marc:subfield>
        </marc:datafield>
        <marc:datafield tag="700" ind1="1" ind2=" ">
            <marc:subfield code="a">Murray, Isobel</marc:subfield>
            <marc:subfield code="e">editor</marc:subfield>
            <marc:subfield code="e">introduction writer</marc:subfield>
            <marc:subfield code="1">http://viaf.org/viaf/54273409</marc:subfield>
        </marc:datafield>
        <marc:datafield tag="700" ind1="1" ind2=" ">
            <marc:subfield code="a">Wilde, Oscar</marc:subfield>
            <marc:subfield code="d">1854-1900</marc:subfield>
            <marc:subfield code="e">author</marc:subfield>
            <marc:subfield code="1">http://viaf.org/viaf/34464414</marc:subfield>
        </marc:datafield>
        <marc:datafield tag="700" ind1="1" ind2="2">
            <marc:subfield code="a">Wilde, Oscar</marc:subfield>
            <marc:subfield code="d">1854-1900</marc:subfield>
            <marc:subfield code="e">author</marc:subfield>
            <marc:subfield code="t">Lord Arthur Savile's crime and other stories</marc:subfield>
            <marc:subfield code="1">http://viaf.org/viaf/4221150470093404330002</marc:subfield>
        </marc:datafield>
        <marc:datafield tag="700" ind1="1" ind2="2">
            <marc:subfield code="a">Wilde, Oscar</marc:subfield>
            <marc:subfield code="d">1854-1900</marc:subfield>
            <marc:subfield code="e">author</marc:subfield>
            <marc:subfield code="t">Portrair of mr. W.H.</marc:subfield>
            <marc:subfield code="1">http://viaf.org/viaf/182221824</marc:subfield>
        </marc:datafield>
        <marc:datafield tag="700" ind1="1" ind2="2">
            <marc:subfield code="a">Wilde, Oscar</marc:subfield>
            <marc:subfield code="d">1854-1900</marc:subfield>
            <marc:subfield code="e">author</marc:subfield>
            <marc:subfield code="t">Happy prince and other tales</marc:subfield>
            <marc:subfield code="1">http://viaf.org/viaf/310911946</marc:subfield>
        </marc:datafield>
        <marc:datafield tag="700" ind1="1" ind2="2">
            <marc:subfield code="a">Wilde, Oscar</marc:subfield>
            <marc:subfield code="d">1854-1900</marc:subfield>
            <marc:subfield code="e">author</marc:subfield>
            <marc:subfield code="t">A house of pomegranates</marc:subfield>
            <marc:subfield code="1">http://viaf.org/viaf/182231860</marc:subfield>
        </marc:datafield>
        <marc:datafield tag="700" ind1="1" ind2="2">
            <marc:subfield code="a">Wilde, Oscar</marc:subfield>
            <marc:subfield code="d">1854-1900</marc:subfield>
            <marc:subfield code="e">author</marc:subfield>
            <marc:subfield code="t">Poems in prose</marc:subfield>
            <marc:subfield code="1">http://viaf.org/viaf/180737279</marc:subfield>
        </marc:datafield>
    </marc:record>