
    <marc:record>
        <marc:leader>02451cgm a22004337i 4500</marc:leader>
        <marc:controlfield tag="001">17797076</marc:controlfield>
        <marc:controlfield tag="007">vd cvaizu</marc:controlfield>
        <marc:controlfield tag="008">130701s2008    xxk270            mleng  </marc:controlfield>
        <marc:datafield tag="040" ind1=" " ind2=" ">
            <marc:subfield code="a">DLC</marc:subfield>
            <marc:subfield code="b">eng</marc:subfield>
            <marc:subfield code="e">rda</marc:subfield>
            <marc:subfield code="c">DLC</marc:subfield>
        </marc:datafield>
        <marc:datafield tag="041" ind1="1" ind2=" ">
            <marc:subfield code="a">eng</marc:subfield>
        </marc:datafield>
        <marc:datafield tag="240" ind1="1" ind2="0">
            <marc:subfield code="a">Canterville ghost (Television program : 1996)</marc:subfield>
            <marc:subfield code="1">http://viaf.org/viaf/310724443</marc:subfield>
        </marc:datafield>
        <marc:datafield tag="245" ind1="0" ind2="4">
            <marc:subfield code="a">The British TV family collection</marc:subfield>
            <marc:subfield code="b">three historical period classics</marc:subfield>
        </marc:datafield>
        <marc:datafield tag="264" ind1=" " ind2="1">
            <marc:subfield code="a">[S.l.]</marc:subfield>
            <marc:subfield code="b">Shanachie Entertainment Corp.</marc:subfield>
            <marc:subfield code="c">[2008]</marc:subfield>
        </marc:datafield>
        <marc:datafield tag="264" ind1=" " ind2="4">
            <marc:subfield code="c">copyright 2008</marc:subfield>
        </marc:datafield>
        <marc:datafield tag="300" ind1=" " ind2=" ">
            <marc:subfield code="3">viewing copy</marc:subfield>
            <marc:subfield code="a">3 videodiscs (270 min.)</marc:subfield>
            <marc:subfield code="b">sd., col.</marc:subfield>
            <marc:subfield code="c">4 3/4 in</marc:subfield>
        </marc:datafield>
        <marc:datafield tag="336" ind1=" " ind2=" ">
            <marc:subfield code="a">two-dimensional moving image</marc:subfield>
            <marc:subfield code="b">tdi</marc:subfield>
            <marc:subfield code="2">rdacontent</marc:subfield>
        </marc:datafield>
        <marc:datafield tag="337" ind1=" " ind2=" ">
            <marc:subfield code="a">video</marc:subfield>
            <marc:subfield code="b">v</marc:subfield>
            <marc:subfield code="2">rdamedia</marc:subfield>
        </marc:datafield>
        <marc:datafield tag="338" ind1=" " ind2=" ">
            <marc:subfield code="a">videodisc</marc:subfield>
            <marc:subfield code="b">vd</marc:subfield>
            <marc:subfield code="2">rdacarrier</marc:subfield>
        </marc:datafield>
        <marc:datafield tag="380" ind1=" " ind2=" ">
            <marc:subfield code="a">Motion picture</marc:subfield>
        </marc:datafield>
        <marc:datafield tag="500" ind1=" " ind2=" ">
            <marc:subfield code="a">Title from container</marc:subfield>
        </marc:datafield>
        <marc:datafield tag="500" ind1=" " ind2=" ">
            <marc:subfield code="a">Originally produced for television 1997-1999.</marc:subfield>
        </marc:datafield>
        <marc:datafield tag="505" ind1="0" ind2=" ">
            <marc:subfield code="a">[Disc 1] Children of the New Forest / written by Richard Cooper and Peter Tabern ; directed by Andrew Morgan ; produced by Peter Tabern. Based on the novel of Captain F. Marryat -- [disc 2] The Canterville ghost / written by Olivia Hetreed ; directed by Crispin Reece ; produced by Alan Horrox. Based on a novel of Oscar Wilde -- [disc 3] Coral Island / written by Barry Purchese ; directed by John Gorrie ; produced by John Price. Based on the novel of R.M. Ballentyne.</marc:subfield>
        </marc:datafield>
        <marc:datafield tag="650" ind1=" " ind2="0">
            <marc:subfield code="a">drama</marc:subfield>
        </marc:datafield>
        <marc:datafield tag="650" ind1=" " ind2="4">
            <marc:subfield code="a">fantasy</marc:subfield>
        </marc:datafield>
        <marc:datafield tag="650" ind1=" " ind2="0">
            <marc:subfield code="a">ghost</marc:subfield>
        </marc:datafield>
        <marc:datafield tag="650" ind1=" " ind2="0">
            <marc:subfield code="a">paranormal</marc:subfield>
        </marc:datafield>
        <marc:datafield tag="700" ind1="1" ind2=" ">
            <marc:subfield code="a">Cooper, Richard</marc:subfield>
            <marc:subfield code="e">Television writer</marc:subfield>
            <marc:subfield code="1">http://viaf.org/viaf/304658938</marc:subfield>
        </marc:datafield>
        <marc:datafield tag="700" ind1="1" ind2=" ">
            <marc:subfield code="a">Tabern, Peter</marc:subfield>
            <marc:subfield code="1">http://viaf.org/viaf/6936831</marc:subfield>
        </marc:datafield>
        <marc:datafield tag="700" ind1="1" ind2=" ">
            <marc:subfield code="a">Morgan, Andrew</marc:subfield>
            <marc:subfield code="d">1942-</marc:subfield>
            <marc:subfield code="1">http://viaf.org/viaf/87048333</marc:subfield>
        </marc:datafield>
        <marc:datafield tag="700" ind1="1" ind2=" ">
            <marc:subfield code="a">Hetreed, Olivia</marc:subfield>
            <marc:subfield code="1">http://viaf.org/viaf/166480552</marc:subfield>
        </marc:datafield>
        <marc:datafield tag="700" ind1="1" ind2=" ">
            <marc:subfield code="a">Reece, Crispin</marc:subfield>
            <marc:subfield code="1">http://viaf.org/viaf/308781405</marc:subfield>
        </marc:datafield>
        <marc:datafield tag="700" ind1="1" ind2=" ">
            <marc:subfield code="a">Horrox, Alan</marc:subfield>
            <marc:subfield code="e">Television producer</marc:subfield>
            <marc:subfield code="1">http://viaf.org/viaf/304538041</marc:subfield>
        </marc:datafield>
        <marc:datafield tag="700" ind1="1" ind2=" ">
            <marc:subfield code="a">Purchese, Barry</marc:subfield>
            <marc:subfield code="1">http://viaf.org/viaf/188315228</marc:subfield>
        </marc:datafield>
        <marc:datafield tag="700" ind1="1" ind2=" ">
            <marc:subfield code="a">Gorrie, John</marc:subfield>
            <marc:subfield code="d">1932-</marc:subfield>
            <marc:subfield code="e">television director</marc:subfield>
            <marc:subfield code="1">http://viaf.org/viaf/93201239</marc:subfield>
        </marc:datafield>
        <marc:datafield tag="700" ind1="1" ind2=" ">
            <marc:subfield code="a">Price, John</marc:subfield>
            <marc:subfield code="e">Television producer</marc:subfield>
            <marc:subfield code="1">http://viaf.org/viaf/304392655</marc:subfield>
        </marc:datafield>
        <marc:datafield tag="700" ind1="1" ind2=" ">
            <marc:subfield code="a">Marryat, Frederick</marc:subfield>
            <marc:subfield code="d">1792-1848.</marc:subfield>
            <marc:subfield code="t">Children of the New Forest.</marc:subfield>
            <marc:subfield code="1">http://viaf.org/viaf/39380934</marc:subfield>
        </marc:datafield>
        <marc:datafield tag="700" ind1="1" ind2=" ">
            <marc:subfield code="a">Wilde, Oscar</marc:subfield>
            <marc:subfield code="d">1854-1900</marc:subfield>
            <marc:subfield code="e">author</marc:subfield>
            <marc:subfield code="1">http://viaf.org/viaf/34464414</marc:subfield>
        </marc:datafield>
        <marc:datafield tag="700" ind1="1" ind2="2">
            <marc:subfield code="a">Wilde, Oscar</marc:subfield>
            <marc:subfield code="d">1854-1900</marc:subfield>
            <marc:subfield code="e">author</marc:subfield>
            <marc:subfield code="i">http://rdaregistry.info/termList/RDATerms/1003</marc:subfield>
            <marc:subfield code="t">Canterville ghost</marc:subfield>
            <marc:subfield code="1">http://viaf.org/viaf/179396260</marc:subfield>
        </marc:datafield>
        <marc:datafield tag="700" ind1="1" ind2=" ">
            <marc:subfield code="a">Ballentyne, R. M.</marc:subfield>
            <marc:subfield code="d">1825-1894.</marc:subfield>
            <marc:subfield code="t">Coral Island</marc:subfield>
            <marc:subfield code="1">http://viaf.org/viaf/64050447</marc:subfield>
        </marc:datafield>
    </marc:record>