
    <marc:record>
        <marc:leader>02276cjm a2200505 i 4500</marc:leader>
        <marc:controlfield tag="001">20161871</marc:controlfield>
        <marc:controlfield tag="005">20171208091620.0</marc:controlfield>
        <marc:controlfield tag="007">sd fsngnnmmned</marc:controlfield>
        <marc:controlfield tag="007">sd fqngnnmmned</marc:controlfield>
        <marc:controlfield tag="008">171204p20172017ne opn|  defi     | eng d</marc:controlfield>
        <marc:datafield tag="040" ind1=" " ind2=" ">
            <marc:subfield code="a">TDF</marc:subfield>
            <marc:subfield code="b">eng</marc:subfield>
            <marc:subfield code="e">rda</marc:subfield>
            <marc:subfield code="c">TDF</marc:subfield>
            <marc:subfield code="d">OCLCQ</marc:subfield>
            <marc:subfield code="d">NUI</marc:subfield>
            <marc:subfield code="d">DLC</marc:subfield>
        </marc:datafield>
        <marc:datafield tag="041" ind1="1" ind2=" ">
            <marc:subfield code="a">eng</marc:subfield>
        </marc:datafield>
        <marc:datafield tag="100" ind1="1" ind2=" ">
            <marc:subfield code="a">Getty, Gordon</marc:subfield>
            <marc:subfield code="d">1933-</marc:subfield>
            <marc:subfield code="4">lpt</marc:subfield>
            <marc:subfield code="1">http://viaf.org/viaf/13522434</marc:subfield>
        </marc:datafield>
        <marc:datafield tag="240" ind1="1" ind2="0">
            <marc:subfield code="a">Getty, Gordon, 1933-. | The Canterville ghost</marc:subfield>
            <marc:subfield code="1">http://viaf.org/viaf/5202150943154826760004</marc:subfield>
        </marc:datafield>
        <marc:datafield tag="245" ind1="1" ind2="4">
            <marc:subfield code="a">The Canterville ghost /</marc:subfield>
            <marc:subfield code="c">Gordon Getty.</marc:subfield>
        </marc:datafield>
        <marc:datafield tag="300" ind1=" " ind2=" ">
            <marc:subfield code="a">1 audio disc (62:08)</marc:subfield>
            <marc:subfield code="b">digital</marc:subfield>
            <marc:subfield code="c">4 3/4 in</marc:subfield>
        </marc:datafield>
        <marc:datafield tag="336" ind1=" " ind2=" ">
            <marc:subfield code="a">performed music</marc:subfield>
            <marc:subfield code="b">prm</marc:subfield>
            <marc:subfield code="2">rdacontent</marc:subfield>
        </marc:datafield>
        <marc:datafield tag="337" ind1=" " ind2=" ">
            <marc:subfield code="a">audio</marc:subfield>
            <marc:subfield code="b">s</marc:subfield>
            <marc:subfield code="2">rdamedia</marc:subfield>
        </marc:datafield>
        <marc:datafield tag="337" ind1=" " ind2=" ">
            <marc:subfield code="a">audio</marc:subfield>
            <marc:subfield code="b">s</marc:subfield>
            <marc:subfield code="2">rdamedia</marc:subfield>
        </marc:datafield>
        <marc:datafield tag="338" ind1=" " ind2=" ">
            <marc:subfield code="a">audio disc</marc:subfield>
            <marc:subfield code="b">sd</marc:subfield>
            <marc:subfield code="2">rdacarrier</marc:subfield>
        </marc:datafield>
        <marc:datafield tag="338" ind1=" " ind2=" ">
            <marc:subfield code="a">audio disc</marc:subfield>
            <marc:subfield code="b">sd</marc:subfield>
            <marc:subfield code="2">rdacarrier</marc:subfield>
        </marc:datafield>
        <marc:datafield tag="380" ind1=" " ind2=" ">
            <marc:subfield code="a">Opera</marc:subfield>
        </marc:datafield>
        <marc:datafield tag="500" ind1=" " ind2=" ">
            <marc:subfield code="a">Opera in one act.</marc:subfield>
        </marc:datafield>
        <marc:datafield tag="500" ind1=" " ind2=" ">
            <marc:subfield code="a">Title from disc label.</marc:subfield>
        </marc:datafield>
        <marc:datafield tag="500" ind1=" " ind2=" ">
            <marc:subfield code="a">Libretto adapted from Oscar Wilde by Gordon Getty.</marc:subfield>
        </marc:datafield>
        <marc:datafield tag="500" ind1=" " ind2=" ">
            <marc:subfield code="a">SA-CD hybrid multichannel, DSD.</marc:subfield>
        </marc:datafield>
        <marc:datafield tag="500" ind1=" " ind2=" ">
            <marc:subfield code="a">Booklet with lyrics, biographical and program notes in English (45 pages : portraits) included.</marc:subfield>
        </marc:datafield>
        <marc:datafield tag="546" ind1=" " ind2=" ">
            <marc:subfield code="a">Sung in English.</marc:subfield>
        </marc:datafield>
        <marc:datafield tag="600" ind1="1" ind2="0">
            <marc:subfield code="a">Wilde, Oscar</marc:subfield>
            <marc:subfield code="d">1854-1900</marc:subfield>
            <marc:subfield code="v">Musical settings.</marc:subfield>
        </marc:datafield>
        <marc:datafield tag="650" ind1=" " ind2="0">
            <marc:subfield code="a">drama</marc:subfield>
        </marc:datafield>
        <marc:datafield tag="650" ind1=" " ind2="4">
            <marc:subfield code="a">fantasy</marc:subfield>
        </marc:datafield>
        <marc:datafield tag="650" ind1=" " ind2="0">
            <marc:subfield code="a">ghost</marc:subfield>
        </marc:datafield>
        <marc:datafield tag="650" ind1=" " ind2="0">
            <marc:subfield code="a">paranormal</marc:subfield>
        </marc:datafield>
        <marc:datafield tag="700" ind1="1" ind2=" ">
            <marc:subfield code="a">Getty, Gordon</marc:subfield>
            <marc:subfield code="d">1933-</marc:subfield>
            <marc:subfield code="e">librettist</marc:subfield>
            <marc:subfield code="1">http://viaf.org/viaf/13522434</marc:subfield>
        </marc:datafield>
        <marc:datafield tag="700" ind1="1" ind2=" ">
            <marc:subfield code="a">Hutton, Alexandra</marc:subfield>
            <marc:subfield code="e">vocalist</marc:subfield>
            <marc:subfield code="1">http://viaf.org/viaf/305458277</marc:subfield>
        </marc:datafield>
        <marc:datafield tag="700" ind1="1" ind2=" ">
            <marc:subfield code="a">Broekhuizen, Jean</marc:subfield>
            <marc:subfield code="e">vocalist</marc:subfield>
            <marc:subfield code="1">http://viaf.org/viaf/313291663</marc:subfield>
        </marc:datafield>
        <marc:datafield tag="700" ind1="1" ind2=" ">
            <marc:subfield code="a">Wernly, Denise</marc:subfield>
            <marc:subfield code="e">vocalist</marc:subfield>
            <marc:subfield code="1">http://viaf.org/viaf/27151302946248662138</marc:subfield>
        </marc:datafield>
        <marc:datafield tag="700" ind1="1" ind2=" ">
            <marc:subfield code="a">Hauge, Rachel Marie</marc:subfield>
            <marc:subfield code="e">vocalist</marc:subfield>
            <marc:subfield code="1">http://viaf.org/viaf/62151302928248662189</marc:subfield>
        </marc:datafield>
        <marc:datafield tag="700" ind1="1" ind2=" ">
            <marc:subfield code="a">Oliver, Timothy</marc:subfield>
            <marc:subfield code="e">vocalist</marc:subfield>
            <marc:subfield code="1">http://viaf.org/viaf/6755053</marc:subfield>
        </marc:datafield>
        <marc:datafield tag="700" ind1="1" ind2=" ">
            <marc:subfield code="a">Michie, Jonathan G.</marc:subfield>
            <marc:subfield code="q">(Jonathan Gabriel)</marc:subfield>
            <marc:subfield code="d">1984-</marc:subfield>
            <marc:subfield code="e">vocalist</marc:subfield>
            <marc:subfield code="1">http://viaf.org/viaf/124754856</marc:subfield>
        </marc:datafield>
        <marc:datafield tag="700" ind1="1" ind2=" ">
            <marc:subfield code="a">Golesorkhi, Anooshah</marc:subfield>
            <marc:subfield code="e">vocalist</marc:subfield>
        </marc:datafield>
        <marc:datafield tag="700" ind1="1" ind2=" ">
            <marc:subfield code="a">Treviño, Matthew</marc:subfield>
            <marc:subfield code="e">vocalist</marc:subfield>
            <marc:subfield code="1">http://viaf.org/viaf/295413041</marc:subfield>
        </marc:datafield>
        <marc:datafield tag="700" ind1="1" ind2=" ">
            <marc:subfield code="a">Foremny, Matthias</marc:subfield>
            <marc:subfield code="d">1972-</marc:subfield>
            <marc:subfield code="e">conductor</marc:subfield>
            <marc:subfield code="1">http://viaf.org/viaf/225761670</marc:subfield>
        </marc:datafield>
        <marc:datafield tag="700" ind1="1" ind2="2">
            <marc:subfield code="a">Wilde, Oscar</marc:subfield>
            <marc:subfield code="d">1854-1900</marc:subfield>
            <marc:subfield code="e">author</marc:subfield>
            <marc:subfield code="i">http://rdaregistry.info/termList/RDATerms/1003</marc:subfield>
            <marc:subfield code="t">Canterville ghost</marc:subfield>
            <marc:subfield code="1">http://viaf.org/viaf/179396260</marc:subfield>
        </marc:datafield>
        <marc:datafield tag="700" ind1="1" ind2=" ">
            <marc:subfield code="a">Wilde, Oscar</marc:subfield>
            <marc:subfield code="d">1854-1900</marc:subfield>
            <marc:subfield code="e">author</marc:subfield>
            <marc:subfield code="1">http://viaf.org/viaf/34464414</marc:subfield>
        </marc:datafield>
    </marc:record>