
    <marc:record>
        <marc:leader>02658cam a2200469 i 4500</marc:leader>
        <marc:controlfield tag="001">20671947</marc:controlfield>
        <marc:controlfield tag="005">20190205154941.0</marc:controlfield>
        <marc:controlfield tag="007">ta</marc:controlfield>
        <marc:controlfield tag="008">180917t20182007caua   e 6    000 1 eng d</marc:controlfield>
        <marc:datafield tag="020" ind1=" " ind2=" ">
            <marc:subfield code="a">9781401284169</marc:subfield>
            <marc:subfield code="q">(paperback)</marc:subfield>
        </marc:datafield>
        <marc:datafield tag="020" ind1=" " ind2=" ">
            <marc:subfield code="a">1401284167</marc:subfield>
            <marc:subfield code="q">(paperback)</marc:subfield>
        </marc:datafield>
        <marc:datafield tag="040" ind1=" " ind2=" ">
            <marc:subfield code="a">YDX</marc:subfield>
            <marc:subfield code="b">eng</marc:subfield>
            <marc:subfield code="c">YDX</marc:subfield>
            <marc:subfield code="e">rda</marc:subfield>
            <marc:subfield code="d">BDX</marc:subfield>
            <marc:subfield code="d">ON8</marc:subfield>
            <marc:subfield code="d">OCLCF</marc:subfield>
            <marc:subfield code="d">OCLCA</marc:subfield>
            <marc:subfield code="d">DLC</marc:subfield>
        </marc:datafield>
        <marc:datafield tag="041" ind1=" " ind2=" ">
            <marc:subfield code="a">eng</marc:subfield>
        </marc:datafield>
        <marc:datafield tag="100" ind1="1" ind2=" ">
            <marc:subfield code="a">Moore, Alan</marc:subfield>
            <marc:subfield code="d">1953-</marc:subfield>
            <marc:subfield code="4">aut</marc:subfield>
            <marc:subfield code="1">http://viaf.org/viaf/34481281</marc:subfield>
        </marc:datafield>
        <marc:datafield tag="240" ind1=" " ind2=" ">
            <marc:subfield code="a">Moore, Alan, 1953- | League of Extraordinary Gentlemen</marc:subfield>
            <marc:subfield code="1">http://viaf.org/viaf/309563649</marc:subfield>
        </marc:datafield>
        <marc:datafield tag="245" ind1="1" ind2="4">
            <marc:subfield code="a">The League of Extraordinary Gentlemen</marc:subfield>
            <marc:subfield code="p">Black dossier</marc:subfield>
            <marc:subfield code="c">Alan Moore, Kevin O'Neill</marc:subfield>
        </marc:datafield>
        <marc:datafield tag="264" ind1=" " ind2="1">
            <marc:subfield code="a">Burbank, CA</marc:subfield>
            <marc:subfield code="b">DC Comics</marc:subfield>
            <marc:subfield code="c">[2018]</marc:subfield>
        </marc:datafield>
        <marc:datafield tag="300" ind1=" " ind2=" ">
            <marc:subfield code="a">1 volume (unpaged) :</marc:subfield>
            <marc:subfield code="b">chiefly illustrations (chiefly color), color maps</marc:subfield>
            <marc:subfield code="c">26 cm +</marc:subfield>
            <marc:subfield code="e">1 pair 3D glasses</marc:subfield>
        </marc:datafield>
        <marc:datafield tag="336" ind1=" " ind2=" ">
            <marc:subfield code="a">text</marc:subfield>
            <marc:subfield code="b">txt</marc:subfield>
            <marc:subfield code="2">rdacontent</marc:subfield>
        </marc:datafield>
        <marc:datafield tag="337" ind1=" " ind2=" ">
            <marc:subfield code="a">unmediated</marc:subfield>
            <marc:subfield code="b">n</marc:subfield>
            <marc:subfield code="2">rdamedia</marc:subfield>
        </marc:datafield>
        <marc:datafield tag="338" ind1=" " ind2=" ">
            <marc:subfield code="a">volume</marc:subfield>
            <marc:subfield code="b">nc</marc:subfield>
            <marc:subfield code="2">rdacarrier</marc:subfield>
        </marc:datafield>
        <marc:datafield tag="380" ind1=" " ind2=" ">
            <marc:subfield code="a">Graphic novel</marc:subfield>
        </marc:datafield>
        <marc:datafield tag="500" ind1=" " ind2=" ">
            <marc:subfield code="a">Suggested for mature readers. -- Back cover</marc:subfield>
        </marc:datafield>
        <marc:datafield tag="650" ind1=" " ind2="0">
            <marc:subfield code="a">science fiction</marc:subfield>
        </marc:datafield>
        <marc:datafield tag="650" ind1=" " ind2="0">
            <marc:subfield code="a">drama</marc:subfield>
        </marc:datafield>
        <marc:datafield tag="650" ind1=" " ind2="4">
            <marc:subfield code="a">fantasy</marc:subfield>
        </marc:datafield>
        <marc:datafield tag="650" ind1=" " ind2="0">
            <marc:subfield code="a">ghost</marc:subfield>
        </marc:datafield>
        <marc:datafield tag="650" ind1=" " ind2="0">
            <marc:subfield code="a">paranormal</marc:subfield>
        </marc:datafield>
        <marc:datafield tag="700" ind1="1" ind2=" ">
            <marc:subfield code="a">O'Neill, Kevin</marc:subfield>
            <marc:subfield code="d">1953-</marc:subfield>
            <marc:subfield code="e">illustrator</marc:subfield>
            <marc:subfield code="1">http://viaf.org/viaf/153099039</marc:subfield>
        </marc:datafield>
        <marc:datafield tag="700" ind1="1" ind2=" ">
            <marc:subfield code="a">Moore, Alan</marc:subfield>
            <marc:subfield code="e">author</marc:subfield>
            <marc:subfield code="d">1953-</marc:subfield>
            <marc:subfield code="1">http://viaf.org/viaf/34481281</marc:subfield>
        </marc:datafield>
        <marc:datafield tag="700" ind1="1" ind2="2">
            <marc:subfield code="a">Moore, Alan</marc:subfield>
            <marc:subfield code="d">1953-</marc:subfield>
            <marc:subfield code="t">League of Extraordinary Gentlemen</marc:subfield>
            <marc:subfield code="1">http://viaf.org/viaf/309563649</marc:subfield>
        </marc:datafield>
        <marc:datafield tag="700" ind1="1" ind2=" ">
            <marc:subfield code="a">Wilde, Oscar</marc:subfield>
            <marc:subfield code="d">1854-1900</marc:subfield>
            <marc:subfield code="e">author</marc:subfield>
            <marc:subfield code="1">http://viaf.org/viaf/34464414</marc:subfield>
        </marc:datafield>
        <marc:datafield tag="700" ind1="1" ind2="2">
            <marc:subfield code="a">Wilde, Oscar</marc:subfield>
            <marc:subfield code="d">1854-1900</marc:subfield>
            <marc:subfield code="e">author</marc:subfield>
            <marc:subfield code="i">http://rdaregistry.info/termList/RDATerms/1003</marc:subfield>
            <marc:subfield code="t">Picture of Dorian Gray</marc:subfield>
            <marc:subfield code="1">http://viaf.org/viaf/186701310</marc:subfield>
        </marc:datafield>
        <marc:datafield tag="700" ind1="1" ind2=" ">
            <marc:subfield code="a">Verne, Jules</marc:subfield>
            <marc:subfield code="e">author</marc:subfield>
            <marc:subfield code="d">1828-1905</marc:subfield>
            <marc:subfield code="1">http://viaf.org/viaf/7632398976323989</marc:subfield>
        </marc:datafield>
        <marc:datafield tag="700" ind1="1" ind2="2">
            <marc:subfield code="a">Verne, Jules</marc:subfield>
            <marc:subfield code="e">author</marc:subfield>
            <marc:subfield code="d">1828-1905</marc:subfield>
            <marc:subfield code="i">http://rdaregistry.info/termList/RDATerms/1003</marc:subfield>
            <marc:subfield code="t">Twenty Thousand Leagues Under the Sea</marc:subfield>
            <marc:subfield code="1">http://viaf.org/viaf/180410275</marc:subfield>
        </marc:datafield>
        <marc:datafield tag="700" ind1="1" ind2="2">
            <marc:subfield code="a">Verne, Jules</marc:subfield>
            <marc:subfield code="e">author</marc:subfield>
            <marc:subfield code="d">1828-1905</marc:subfield>
            <marc:subfield code="i">http://rdaregistry.info/termList/RDATerms/1003</marc:subfield>
            <marc:subfield code="t">The Mysterious Island</marc:subfield>
            <marc:subfield code="1">http://viaf.org/viaf/193014849</marc:subfield>
        </marc:datafield>
        <marc:datafield tag="700" ind1="1" ind2=" ">
            <marc:subfield code="a">Stoker, Bram</marc:subfield>
            <marc:subfield code="d">1847-1912</marc:subfield>
            <marc:subfield code="1">http://viaf.org/viaf/17229847</marc:subfield>
        </marc:datafield>
        <marc:datafield tag="700" ind1="1" ind2="2">
            <marc:subfield code="a">Stoker, Bram</marc:subfield>
            <marc:subfield code="d">1847-1912</marc:subfield>
            <marc:subfield code="i">http://rdaregistry.info/termList/RDATerms/1003</marc:subfield>
            <marc:subfield code="t">Dracula</marc:subfield>
            <marc:subfield code="1">http://viaf.org/viaf/194144783017853134071</marc:subfield>
        </marc:datafield>
        <marc:datafield tag="700" ind1="1" ind2="2">
            <marc:subfield code="a">Gray, Dorian (Fictitious character)</marc:subfield>
            <marc:subfield code="t">Picture of Dorian Gray</marc:subfield>
            <marc:subfield code="1">http://viaf.org/viaf/186701310</marc:subfield>
        </marc:datafield>
        <marc:datafield tag="700" ind1="1" ind2="2">
            <marc:subfield code="a">Captain Nemo, Prince Dakkar (Fictitious character)</marc:subfield>
            <marc:subfield code="t">Twenty Thousand Leagues Under the Sea</marc:subfield>
            <marc:subfield code="1">http://viaf.org/viaf/180410275</marc:subfield>
        </marc:datafield>
        <marc:datafield tag="700" ind1="1" ind2="2">
            <marc:subfield code="a">Captain Nemo, Prince Dakkar (Fictitious character</marc:subfield>
            <marc:subfield code="t">The Mysterious Island</marc:subfield>
            <marc:subfield code="1">http://viaf.org/viaf/193014849</marc:subfield>
        </marc:datafield>
        <marc:datafield tag="700" ind1="1" ind2="2">
            <marc:subfield code="a">Harker, Mina (Fictitious character)</marc:subfield>
            <marc:subfield code="t">Dracula</marc:subfield>
            <marc:subfield code="1">http://viaf.org/viaf/194144783017853134071</marc:subfield>
        </marc:datafield>
    </marc:record>