
    <marc:record>
        <marc:leader>02340cam a2200289 i 4500</marc:leader>
        <marc:controlfield tag="001">642043</marc:controlfield>
        <marc:controlfield tag="005">20060728195421.0</marc:controlfield>
        <marc:controlfield tag="007">ta</marc:controlfield>
        <marc:controlfield tag="008">930519r19921910enka          000 0 eng  </marc:controlfield>
        <marc:datafield tag="020" ind1=" " ind2=" ">
            <marc:subfield code="a">0415079721</marc:subfield>
        </marc:datafield>
        <marc:datafield tag="040" ind1=" " ind2=" ">
            <marc:subfield code="a">DLC</marc:subfield>
            <marc:subfield code="b">eng</marc:subfield>
            <marc:subfield code="e">rda</marc:subfield>
            <marc:subfield code="c">DLC</marc:subfield>
            <marc:subfield code="d">DLC</marc:subfield>
        </marc:datafield>
        <marc:datafield tag="041" ind1=" " ind2=" ">
            <marc:subfield code="a">eng</marc:subfield>
        </marc:datafield>
        <marc:datafield tag="100" ind1="1" ind2=" ">
            <marc:subfield code="a">Morris, William</marc:subfield>
            <marc:subfield code="4">aut</marc:subfield>
            <marc:subfield code="d">1834-1896</marc:subfield>
            <marc:subfield code="1">http://viaf.org/viaf/22146194</marc:subfield>
        </marc:datafield>
        <marc:datafield tag="240" ind1="1" ind2="0">
            <marc:subfield code="a">Morris, William, 1834-1896. | Collected works of William Morris</marc:subfield>
            <marc:subfield code="1">http://viaf.org/viaf/181400063</marc:subfield>
        </marc:datafield>
        <marc:datafield tag="245" ind1="1" ind2="4">
            <marc:subfield code="a">The collected works of William Morris</marc:subfield>
            <marc:subfield code="c">with introductions by his daughter, May Morris ; with a new preface by Peter Faulkner.</marc:subfield>
        </marc:datafield>
        <marc:datafield tag="264" ind1=" " ind2="1">
            <marc:subfield code="a">London</marc:subfield>
            <marc:subfield code="b">Routledge/Thoemmes Press</marc:subfield>
            <marc:subfield code="c">1992</marc:subfield>
        </marc:datafield>
        <marc:datafield tag="300" ind1=" " ind2=" ">
            <marc:subfield code="a">24 v.</marc:subfield>
            <marc:subfield code="b">ill.</marc:subfield>
            <marc:subfield code="c">23 cm.</marc:subfield>
        </marc:datafield>
        <marc:datafield tag="336" ind1=" " ind2=" ">
            <marc:subfield code="a">text</marc:subfield>
            <marc:subfield code="b">txt</marc:subfield>
            <marc:subfield code="2">rdacontent</marc:subfield>
        </marc:datafield>
        <marc:datafield tag="337" ind1=" " ind2=" ">
            <marc:subfield code="a">unmediated</marc:subfield>
            <marc:subfield code="b">n</marc:subfield>
            <marc:subfield code="2">rdamedia</marc:subfield>
        </marc:datafield>
        <marc:datafield tag="338" ind1=" " ind2=" ">
            <marc:subfield code="a">volume</marc:subfield>
            <marc:subfield code="b">nc</marc:subfield>
            <marc:subfield code="2">rdacarrier</marc:subfield>
        </marc:datafield>
        <marc:datafield tag="380" ind1=" " ind2=" ">
            <marc:subfield code="a">Short story collection</marc:subfield>
        </marc:datafield>
        <marc:datafield tag="500" ind1=" " ind2=" ">
            <marc:subfield code="a">Previously published: London ; New York : Longmans, Green, 1910-1915</marc:subfield>
        </marc:datafield>
        <marc:datafield tag="505" ind1="0" ind2=" ">
            <marc:subfield code="a">v. 1. The defence of Guenevere ; The hollow land -- v. 2. The life and death of Jason -- v. 3. The earthly paradise I -- v. 4. The earthly paradise II -- v. 5. The earthly paradise III -- v. 6. The earthly paradise IV --  v. 7. Grettis saga ; Volsunga saga -- v. 8. Icelandic journals -- v 9. Love is enough ; Poems by the way -- v. 10. Three northern love stories ; The tale of Beowulf -- v. 11 The Æneids of Virgil -- v. 12. The story of Sigurd the Volsung -- v. 13. The Odyssey of Homer -- v. 14. The house of the Wolfings ; The glittering plain -- v. 15. The roots of the mountains -- v. 16. News from nowhere ; A dream of John Ball ; A king's lesson -- v. 17. The wood beyond the world ; Child Christopher ; Old French romances -- v. 18. The well at the world's end I -- v. 19. The well at the world's end II -- v. 20. The water of the wondrous isles -- v. 21. The sundering flood, and unfinished romances -- v. 22. Hopes and fears for art, and lectures on art and industry -- v. 23. Signs of change, and lectures on socialism -- v. 24. The story of the fall of Troy, and other poems and fragments not previously published.</marc:subfield>
        </marc:datafield>
        <marc:datafield tag="650" ind1=" " ind2="4">
            <marc:subfield code="a">fantasy</marc:subfield>
        </marc:datafield>
        <marc:datafield tag="700" ind1="1" ind2=" ">
            <marc:subfield code="a">Morris, May</marc:subfield>
            <marc:subfield code="d">1862-1938</marc:subfield>
            <marc:subfield code="e">writer of introduction </marc:subfield>
            <marc:subfield code="e">daughter of Morris, William</marc:subfield>
        </marc:datafield>
        <marc:datafield tag="700" ind1="1" ind2=" ">
            <marc:subfield code="a">Morris, William</marc:subfield>
            <marc:subfield code="e">author</marc:subfield>
            <marc:subfield code="d">1834-1896</marc:subfield>
            <marc:subfield code="1">http://viaf.org/viaf/22146194</marc:subfield>
        </marc:datafield>
        <marc:datafield tag="856" ind1="4" ind2="2">
            <marc:subfield code="3">Publisher description</marc:subfield>
            <marc:subfield code="u">http://www.loc.gov/catdir/enhancements/fy0648/93156088-d.html</marc:subfield>
        </marc:datafield>
    </marc:record>