
    <marc:record>
        <marc:leader>01167cam a22002771i 4500</marc:leader>
        <marc:controlfield tag="001">6790818</marc:controlfield>
        <marc:controlfield tag="005">20050901101723.0</marc:controlfield>
        <marc:controlfield tag="007">ta</marc:controlfield>
        <marc:controlfield tag="008">870428s1902    meu           000 0 eng  </marc:controlfield>
        <marc:datafield tag="040" ind1=" " ind2=" ">
            <marc:subfield code="a">DLC</marc:subfield>
            <marc:subfield code="b">eng</marc:subfield>
            <marc:subfield code="e">rda</marc:subfield>
            <marc:subfield code="c">AzTeS</marc:subfield>
            <marc:subfield code="d">DLC</marc:subfield>
        </marc:datafield>
        <marc:datafield tag="041" ind1=" " ind2=" ">
            <marc:subfield code="a">eng</marc:subfield>
        </marc:datafield>
        <marc:datafield tag="100" ind1="1" ind2=" ">
            <marc:subfield code="a">Morris, William</marc:subfield>
            <marc:subfield code="4">aut</marc:subfield>
            <marc:subfield code="d">1834-1896</marc:subfield>
            <marc:subfield code="1">http://viaf.org/viaf/22146194</marc:subfield>
        </marc:datafield>
        <marc:datafield tag="245" ind1="1" ind2="0">
            <marc:subfield code="a">Gertha's lovers</marc:subfield>
            <marc:subfield code="b">a tale</marc:subfield>
            <marc:subfield code="c">Morris, William</marc:subfield>
        </marc:datafield>
        <marc:datafield tag="264" ind1=" " ind2="1">
            <marc:subfield code="a">Portland, Me. :</marc:subfield>
            <marc:subfield code="b">T. B. Mosher</marc:subfield>
            <marc:subfield code="c">1902</marc:subfield>
        </marc:datafield>
        <marc:datafield tag="300" ind1=" " ind2=" ">
            <marc:subfield code="a">123, [1] s.1 l. </marc:subfield>
            <marc:subfield code="c">13 1/2 cm</marc:subfield>
        </marc:datafield>
        <marc:datafield tag="336" ind1=" " ind2=" ">
            <marc:subfield code="a">text</marc:subfield>
            <marc:subfield code="b">txt</marc:subfield>
            <marc:subfield code="2">rdacontent</marc:subfield>
        </marc:datafield>
        <marc:datafield tag="337" ind1=" " ind2=" ">
            <marc:subfield code="a">unmediated</marc:subfield>
            <marc:subfield code="b">n</marc:subfield>
            <marc:subfield code="2">rdamedia</marc:subfield>
        </marc:datafield>
        <marc:datafield tag="338" ind1=" " ind2=" ">
            <marc:subfield code="a">volume</marc:subfield>
            <marc:subfield code="b">nc</marc:subfield>
            <marc:subfield code="2">rdacarrier</marc:subfield>
        </marc:datafield>
        <marc:datafield tag="380" ind1=" " ind2=" ">
            <marc:subfield code="a">Novel</marc:subfield>
        </marc:datafield>
        <marc:datafield tag="500" ind1=" " ind2=" ">
            <marc:subfield code="a">Title in red and black; head and tail pieces</marc:subfield>
        </marc:datafield>
        <marc:datafield tag="500" ind1=" " ind2=" ">
            <marc:subfield code="a">Reprinted from the Bibelot, Jan., Feb., 1899, v. 5, nos. 1, 2.</marc:subfield>
        </marc:datafield>
        <marc:datafield tag="500" ind1=" " ind2=" ">
            <marc:subfield code="a">First appeared in the Oxford and Cambridge magazine for 1856.</marc:subfield>
        </marc:datafield>
        <marc:datafield tag="500" ind1=" " ind2=" ">
            <marc:subfield code="a">"Four hundred and twenty-five copies of this book have been printed on Japan vellum, and type distributed, in the month of June, A. D. MDCCCCII, at the press of George D. Loring, Portland, Maine.</marc:subfield>
        </marc:datafield>
        <marc:datafield tag="650" ind1=" " ind2="4">
            <marc:subfield code="a">fantasy</marc:subfield>
        </marc:datafield>
        <marc:datafield tag="700" ind1="1" ind2=" ">
            <marc:subfield code="a">Mosher, Thomas Bird</marc:subfield>
            <marc:subfield code="d">1852-1923</marc:subfield>
            <marc:subfield code="e">editor</marc:subfield>
        </marc:datafield>
        <marc:datafield tag="700" ind1="1" ind2=" ">
            <marc:subfield code="a">Morris, William</marc:subfield>
            <marc:subfield code="e">author</marc:subfield>
            <marc:subfield code="d">1834-1896</marc:subfield>
            <marc:subfield code="1">http://viaf.org/viaf/22146194</marc:subfield>
        </marc:datafield>
    </marc:record>